@article{schwede1997spectra,
  title={Spectra in model categories and applications to the algebraic cotangent complex},
  author={Schwede, Stefan},
  journal={Journal of Pure and Applied Algebra},
  volume={120},
  number={1},
  pages={77--104},
  year={1997},
  publisher={Elsevier}
}

@article{renaudin2006theories,
  title={Th{\'e}ories homotopiques de Quillen combinatoires et d{\'e}rivateurs de Grothendieck},
  author={Renaudin, Olivier},
  journal={arXiv preprint math/0603339},
  year={2006}
}

@article{freyd1973concreteness,
  title={Concreteness},
  author={Freyd, Peter J},
  journal={Journal of Pure and Applied Algebra},
  volume={3},
  number={2},
  pages={171--191},
  year={1973},
  publisher={Elsevier}
}

@misc{nlabstrommodel,
title={Strøm model structure},
shorthand = {L{\o}m17},
author={The $n$Lab},
Howpublished = {\url{https://ncatlab.org/nlab/revision/Strom+model+structure/23}},
year={2017}
}

@article{jardine1987simplical,
  title={Simplical presheaves},
  author={Jardine, John Frederick},
  journal={Journal of Pure and Applied Algebra},
  volume={47},
  number={1},
  pages={35--87},
  year={1987},
  publisher={Elsevier}
}

@inproceedings{dugger2004hypercovers,
  title={Hypercovers and simplicial presheaves},
  author={Dugger, Daniel and Hollander, Sharon and Isaksen, Daniel C},
  booktitle={Mathematical Proceedings of the Cambridge Philosophical Society},
  volume={136},
  number={1},
  pages={9--51},
  year={2004},
  organization={Cambridge University Press}
}


@article{muro2016k,
  title={K-theory of derivators revisited},
  author={Muro, Fernando and Raptis, Georgios},
  journal={Annals of K-theory},
  volume={2},
  number={2},
  pages={303--340},
  year={2016},
  publisher={Mathematical Sciences Publishers}
}

@article{strom1972homotopy,
  title={The homotopy category is a homotopy category},
  author={Str{\o}m, Arne},
  journal={Archiv der Mathematik},
  volume={23},
  number={1},
  pages={435--441},
  year={1972},
  publisher={Springer}
}

@article{borceux1996enriched,
  title={Enriched accessible categories},
  author={Borceux, Francis and Quinteriro, Carmen},
  journal={Bulletin of the Australian Mathematical Society},
  volume={54},
  number={3},
  pages={489--501},
  year={1996},
  publisher={Cambridge University Press}
}

@preprint{carlson:prederivators,
  Author = {Carlson, Kevin},
  Howpublished = {\url{https://arxiv.org/abs/1612.06980}},
  Note = {preprint},
  Title = {An embedding of quasicategories in prederivators},
  Year = {2016}}

@misc{grothendieck:derivators,
  Author = {Grothendieck, A.},
  Howpublished = {\\\url{www.math.jussieu.fr/~maltsin/groth/Derivateurs.html}},
  Note = {Manuscript, edited by M.~K{\"u}nzer, J.~Malgoire, and G.~Maltsiniotis},
  Title = {Les D\'erivateurs}}

@misc{maltsiniotis:intro,
  Author = {Maltsiniotis, Georges},
  Howpublished = {\url{http://people.math.jussieu.fr/~maltsin/textes.html}},
  Note = {Preprint},
  Title = {Introduction \`a la th\'eorie des d\'erivateurs (d'apr\`es {G}rothendieck)},
  Year = {2001}}

@article{gps:mayer,
  Author = {Moritz Groth and Kate Ponto and Michael Shulman},
  Fjournal = {Homology, Homotopy and Applications},
  Journal = {Homology, Homotopy Appl.},
  Pages = {265--294},
  Title = {{M}ayer--{V}ietoris sequences in stable derivators},
  Volume = {16},
  Year = {2014}}

@unpublished{gst:basic,
  Author = {Moritz Groth and Jan {\v S}{\v t}ov{\'\i}{\v c}ek},
  Note = {To appear in {\em Crelle's Journal}. Available at arXiv:1401.6451},
  Title = {Tilting theory via stable homotopy theory},
  Year = 2014}

@article{gst:tree,
  Author = {Moritz Groth and Jan {\v S}{\v t}ov{\'\i}{\v c}ek},
  Doi = {http://dx.doi.org/10.1016/j.jpaa.2015.11.009},
  Fjournal = {Journal of Pure and Applied Algebra},
  Journal = {J. Pure Appl. Algebra},
  Title = {Tilting theory for trees via stable homotopy theory},
  Url = {http://www.sciencedirect.com/science/article/pii/S0022404915003254},
  Year = {2015},
  Bdsk-Url-1 = {http://www.sciencedirect.com/science/article/pii/S0022404915003254},
  Bdsk-Url-2 = {http://dx.doi.org/10.1016/j.jpaa.2015.11.009}}

@unpublished{gst:Dynkin-A,
  Author = {Moritz Groth and Jan {\v S}{\v t}ov{\'\i}{\v c}ek},
  Note = {arXiv:1409.5003},
  Title = {Abstract representation theory of {D}ynkin quivers of type~{A}},
  Year = 2014}

@unpublished{gst:poset,
  Author = {Moritz Groth and Jan {\v S}{\v t}ov{\'\i}{\v c}ek},
  Note = {In preparation},
  Title = {Tilting theory for posets via stable homotopy theory},
  Year = 2014}

@article{groth2011monoidal,
  title={Monoidal and enriched derivators},
  author={Groth, Moritz},
  year={2011}
}

@article{street1980fibrations,
  title={Fibrations in bicategories},
  author={Street, Ross},
  journal={Cahiers de topologie et g{\'e}om{\'e}trie diff{\'e}rentielle cat{\'e}goriques},
  volume={21},
  number={2},
  pages={111--160},
  year={1980}
}

@article{bain2013category,
  title={Category-theoretic structure and radical ontic structural realism},
  author={Bain, Jonathan},
  journal={Synthese},
  volume={190},
  number={9},
  pages={1621--1635},
  year={2013},
  publisher={Springer}
}

@article{street1981conspectus,
  title={Conspectus of variable categories},
  author={Street, Ross},
  journal={Journal of Pure and Applied Algebra},
  volume={21},
  number={3},
  pages={307--338},
  year={1981},
  publisher={Elsevier}
}

@book{kromer2007tool,
   title =     {Tool and object : a history and philosophy of category theory},
   author =    {Krömer, Ralf},
   publisher = {Birkhäuser},
   isbn =      {3-7643-7523-X,978-3-7643-7523-2,978-3-7643-7524-9,3-7643-7524-8},
   year =      {2007},
   series =    {Science networks historical studies 32},
   edition =   {2007},
   volume =    {},
   url =       {http://gen.lib.rus.ec/book/index.php?md5=BB63FC781DCD6911EDE39B8764759407}}

@InCollection{Stanford2007OSR,
  author       =  {Ladyman, James},
  title        =  {Structural Realism},
  booktitle    =  {The Stanford Encyclopedia of Philosophy},
  editor       =  {Edward N. Zalta},
  howpublished =  {\url{https://plato.stanford.edu/archives/win2016/entries/structural-realism/}},
  year         =  {2016},
  edition      =  {Winter 2016},
  publisher    =  {Metaphysics Research Lab, Stanford University}
}

@book{CLTT,
    author = "Bart Jacobs",
    title = "Categorical Logic and Type Theory",
    publisher = "Elsevier",
    year = 1999,
    series = SLFM,
    number = 141
}

@Book{JohnstonePT,
  author =   {P.T. Johnstone},
  title =    {Topos Theory},
  publisher =    {Academic Press, London},
  year =   {1977},
  number =   {10},
  series =   {LMS Mathematical Monographs}
}

@book {Awodey,
    AUTHOR = {Awodey, Steve},
     TITLE = {Category theory},
    SERIES = {Oxford Logic Guides},
    VOLUME = {52},
   EDITION = {Second},
 PUBLISHER = {Oxford University Press, Oxford},
      YEAR = {2010},
     PAGES = {xvi+311},
      ISBN = {978-0-19-923718-0},
}

@article{eva2016category,
  title={Category theory and physical structuralism},
  author={Eva, Benjamin},
  journal={European Journal for Philosophy of Science},
  volume={6},
  number={2},
  pages={231--246},
  year={2016},
  publisher={Springer}
}


@article{DrorFar98,
  author={W. Dwyer and E. Dror Farjoun},
  title={Homotopy Coends},
  journal={Online preprint: \url{http://www.ma.huji.ac.il/~landau/preprint98/preprint3.ps}},
  year={1997/8}
}

@book{Gratzer,
title =      {{L}attice {T}heory: {F}oundation},
author =      {{G}r{\"a}tzer, {G}.},
year={2011},
publisher={Springer Science \& Business Media}
}

@book{farjoun1995cellular,
  title={Cellular spaces, null spaces and homotopy localization},
  author={Farjoun, Emmanuel},
  number={1621-1622},
  year={1995},
  publisher={Springer Science \& Business Media}
}

@misc{Joyal-Anel-BM,
Author = {Mathieu Anel and Georg Biedermann and Eric Finster and André Joyal},
Title = {A Generalized Blakers-Massey Theorem},
Year = {2017},
Eprint = {\arXivPreprint{1703.09050}},
}

@inproceedings{laclef,
  title={La clef Hermetique},
  author={Jean-Baptiste Pitois}, 
  booktitle={Texts and secret documents of the Luxor Hermetic Brotherhood; archives of Théon de Tlemcen (collection privée)}, 
  editor={Paris, Arché},
  year={1988}
}

@book{fuchs2015abelian,
  title={Abelian groups},
  author={Fuchs, L{\'a}szl{\'o}},
  year={2015},
  publisher={Springer}
}

@article{Isbell1964,
author = {Isbell, J.},
journal = {Fundamenta Mathematicae},
keywords = {general algebraic structures},
language = {eng},
number = {1},
pages = {43-49},
title = {Two set-theoretical theorems in categories},
url = {http://eudml.org/doc/213746},
volume = {53},
year = {1964},
}

@article{lack2002quillen,
  title={A {Q}uillen model structure for 2-categories},
  author={Lack, Stephen},
  journal={K-theory},
  volume={26},
  number={2},
  pages={171--205},
  year={2002},
  publisher={Springer}
}

@book{neisendorfer2010algebraic,
  title={Algebraic methods in unstable homotopy theory},
  author={Neisendorfer, Joseph},
  volume={12},
  year={2010},
  publisher={Cambridge University Press}
}

@inproceedings{freyd1966stable,
  title={Stable homotopy},
  author={Freyd, Peter},
  booktitle={Proceedings of the conference on categorical algebra},
  pages={121--172},
  year={1966},
  organization={Springer}
}

@inproceedings{fconc,
  title={On the concreteness of certain categories},
  author={Freyd, Peter},
  booktitle={Symposia Mathematica},
  volume={4},
  pages={431--456},
  year={1969}
}

@Book{Ostvaer2010,
  Title         = {Homotopy theory of $C^*$-algebras},
  Author        = {{\O}stv{\ae}r, Paul Arne},
  Publisher     = {Springer Science \& Business Media},
  Year          = {2010},
}

@article {gtone,
    AUTHOR = {Eilenberg, Samuel and MacLane, Saunders},
     TITLE = {General theory of natural equivalences},
   JOURNAL = {Trans. Amer. Math. Soc.},
  FJOURNAL = {Transactions of the American Mathematical Society},
    VOLUME = {58},
      YEAR = {1945},
     PAGES = {231--294},
      ISSN = {0002-9947},
}

@article{hormann2014homotopy,
  title={Homotopy limits and colimits in nature—a motivation for derivators},
  author={H{\"o}rmann, Fritz},
  journal={Lecture notes, summer school on derivators, Freiburg, arXiv},
  year={2014}
}

@book {makkai1989accessible,
    AUTHOR = {Makkai, Michael and Par\'e, Robert},
     TITLE = {Accessible categories: the foundations of categorical model
              theory},
    SERIES = {Contemporary Mathematics},
    VOLUME = {104},
 PUBLISHER = {American Mathematical Society, Providence, RI},
      YEAR = {1989},
     PAGES = {viii+176},
      ISBN = {0-8218-5111-X},
   MRCLASS = {03G30 (03C75 03C95 18B25 18C10 18D05 18F10)},
  MRNUMBER = {1031717},
MRREVIEWER = {Horst Reichel},
       DOI = {10.1090/conm/104},
       URL = {http://dx.doi.org/10.1090/conm/104},
}

@misc{yt-willerton,
  title = {Two 2-traces},
  date = {2010},
  journal = {Categories, Logic and Foundations of Physics VII (September 2010, University of Birmingham)},
  author = {S. Willerton},
  url={https://www.youtube.com/watch?v=kCG8QngzmIQ}
}
@Article{adamek2002classification,
  Title      = {A classification of accessible categories},
  Author     = {Ad{\'a}mek, J. and Borceux, F. and Lack, S. and Rosick{\`y}, J.},
  Journal    = {Theory Appl. Categ.},
  Year       = {2002},
  Pages      = {7--30},
}

@article {Elmendorf1983,
    AUTHOR = {Elmendorf, A. D.},
     TITLE = {Systems of fixed point sets},
   JOURNAL = {Trans. Amer. Math. Soc.},
  FJOURNAL = {Transactions of the American Mathematical Society},
    VOLUME = {277},
      YEAR = {1983},
    NUMBER = {1},
     PAGES = {275--284},
      ISSN = {0002-9947},
     CODEN = {TAMTAM},
       DOI = {10.2307/1999356},
       URL = {http://dx.doi.org/10.2307/1999356},
}

@article{chacholski1997generalization,
  title={A generalization of the triad theorem of Blakers-Massey},
  author={Chach{\'o}lski, Wojciech},
  journal={Topology},
  volume={36},
  number={6},
  pages={1381--1400},
  year={1997},
  publisher={Elsevier}
}

@article{toen2010simplicial,
  title={Simplicial presheaves and derived algebraic geometry},
  author={To{\"e}n, Bertrand},
  journal={Advanced Course on Simplicial Methods in Higher Categories, Notes of the Course},
  pages={95--146},
  year={2010}
}

@article{chacholski1997desuspending,
    AUTHOR = {Chach{\'o}lski, Wojciech},
     TITLE = {Desuspending and delooping cellular inequalities},
   JOURNAL = {Invent. Math.},
  FJOURNAL = {Inventiones Mathematicae},
    VOLUME = {129},
      YEAR = {1997},
    NUMBER = {1},
     PAGES = {37--62},
      ISSN = {0020-9910},
     CODEN = {INVMBH},
       DOI = {10.1007/s002220050157},
       URL = {http://dx.doi.org/10.1007/s002220050157},
}

@article {chacholski1996functors,
    AUTHOR = {Chach{\'o}lski, Wojciech},
     TITLE = {On the functors {$CW\sb A$} and {$P\sb A$}},
   JOURNAL = {Duke Math. J.},
  FJOURNAL = {Duke Mathematical Journal},
    VOLUME = {84},
      YEAR = {1996},
    NUMBER = {3},
     PAGES = {599--631},
      ISSN = {0012-7094},
     CODEN = {DUMJAO},
       DOI = {10.1215/S0012-7094-96-08419-7},
       URL = {http://dx.doi.org/10.1215/S0012-7094-96-08419-7},
}

@article{chacholski2014homotopy,
  title={Homotopy excision and cellularity},
  author={Chacholski, Wojciech and Scherer, Jerome and Werndli, Kay},
  journal={\arXivPreprint{1408.3252}},
  year={2014}
}

@article{ehlers2008ordinal,
  title={Ordinal subdivision and special pasting in quasicategories},
  author={Ehlers, Philip John and Porter, Timothy},
  journal={Advances in Mathematics},
  volume={217},
  number={2},
  pages={489--518},
  year={2008},
  publisher={Elsevier}
}

@article{Kennet-1973,
doi = {10.2307/1996573},
title = {Abstract Homotopy Theory and Generalized Sheaf Cohomology},
author  = {Kenneth S. Brown},
publisher = {American Mathematical Society},
journal = {Transactions of the American Mathematical Society},
issnp = {0002-9947},
issne = {1088-6850},
year  = {1973},
month = {12},
volume  = {186},
page  = {419--458},
url =       {http://gen.lib.rus.ec/scimag/index.php?s=10.2307/1996573},
}

@book{Brown1982,
   title =     {Cohomology of Groups},
   author =    {K.S. Brown},
   publisher = {Springer-Verlag Berlin and Heidelberg GmbH \& Co. K},
   isbn =      {9783540906889,3-540-90688-6},
   year =      {1982},
   series =    {Graduate Texts in Mathematics},
   edition =   {1st edition},
   volume =    {},
   url =       {http://gen.lib.rus.ec/book/index.php?md5=2A775CBAC01293A071386C9693B2987F}}

@book{Bloch1997,
   title =     {A First Course in Geometric Topology and Differential Geometry},
   author =    {Ethan D. Bloch},
   publisher = {Birkhäuser},
   isbn =      {0817638407,9780817638405,3764338407},
   year =      {1997},
   series =    {},
   edition =   {1},
   volume =    {},
   url =       {http://gen.lib.rus.ec/book/index.php?md5=69262565497C8D7B05F18F3FF684357F}}

@misc{newkronecker,
  title={Problems and Solutions in Matrix Calculus},
  author={Willi-Hans Steeb},
  journal={\url{http://issc.uj.ac.za/downloads/problems/newkronecker.pdf}}
}

@book{Berger1988,
   title =     {Differential Geometry: Manifolds, Curves, and Surfaces},
   author =    {Marcel Berger, Bernard Gostiaux (auth.)},
   publisher = {Springer-Verlag New York},
   isbn =      {0387966269,9780387966267},
   year =      {1988},
   series =    {Graduate Texts in Mathematics 115},
   edition =   {1},
   volume =    {},
   url =       {http://gen.lib.rus.ec/book/index.php?md5=EA43BAD111E14938F6CEF682CAEBCE2E}}

@book{Wasser1992,
   title =     {Tensors and manifolds, applications to mechanics and relativity},
   author =    {Wasserman R.H.},
   publisher = {OUP},
   isbn =      {0195065611,9780195065619},
   year =      {1992},
   series =    {},
   edition =   {},
   volume =    {},
   url =       {http://gen.lib.rus.ec/book/index.php?md5=E92E25B34C445404C56680017DBFBF7E}}

@book{Bish1980,
   title =     {Tensor Analysis on Manifolds},
   author =    {Richard L. Bishop, Samuel I. Goldberg},
   publisher = {Dover Publications},
   isbn =      {0486640396,9780486640396},
   year =      {1980},
   series =    {},
   edition =   {},
   volume =    {},
   url =       {http://gen.lib.rus.ec/book/index.php?md5=A30CD7891D87CA8F2DB2ADC7137BEDFF}}

@book{cattaneo1996algebra,
  title={Algebra: un approccio algoritmico},
  author={Cattaneo, Giulia Maria Piacentini},
  year={1996},
  publisher={Decibel}
}

@book{Serre,
   title =     {Linear representations of finite groups},
   author =    {Jean-Pierre Serre, Leonhard L. Scott},
   publisher = {Springer},
   isbn =      {9780387901909,0387901906},
   year =      {1996},
   series =    {Graduate texts in mathematics  42},
   edition =   {},
   volume =    {},
   url =       {http://gen.lib.rus.ec/book/index.php?md5=264EDB65A8A850B95BC1E8092F7C71C5}}

@book{Stern1994,
   title =     {Group theory and physics},
   author =    {S. Sternberg},
   publisher = {Cambridge University Press},
   isbn =      {0521248701,9780521248709},
   year =      {1994},
   series =    {},
   edition =   {},
   volume =    {},
   url =       {http://gen.lib.rus.ec/book/index.php?md5=06EEDEB310325261B9C7F384672FD6E7}}

@book{Baker2002,
   title =     {Matrix Groups: An Introduction to Lie Group Theory},
   author =    {Andrew Baker},
   publisher = {Springer},
   isbn =      {1852334703,9781852334703},
   year =      {2002},
   series =    {Springer Undergraduate Mathematics Series},
   edition =   {},
   volume =    {},
   url =       {http://gen.lib.rus.ec/book/index.php?md5=0F83FE39248349D0B54928BD3E727FF5}}

@Book{acc,
  Title      = {Abstract and concrete categories: the joy of cats},
  Author     = {Ad{\'a}mek, J. and Herrlich, H. and Strecker, G.E.},
  Publisher  = {John Wiley \& Sons, Inc., New York},
  Year       = {1990},
  Series     = {Pure and Applied Mathematics (New York)},
  ISBN       = {0-471-60922-6},
  Pages      = {xiv+482},
}

@Article{adamek2008analytic,
  Title        = {Analytic functors and weak pullbacks},
  Author       = {Ad{\'a}mek, J. and Velebil, J.},
  Journal      = {Theory Appl. Categ.},
  Year         = {2008},
  Pages        = {No. 11, 191--209},
  Volume       = {21},
  Fjournal     = {Theory and Applications of Categories},
  ISSN         = {1201-561X},
}

@Article{hugel2011recollements,
  Title        = {Recollements and tilting objects},
  Author       = {Angeleri H{\"u}gel, L. and Koenig, S. and Liu, Q.},
  Journal      = {{J}ournal of {P}ure and {A}pplied {A}lgebra},
  Year         = {2011},
  Number       = {4},
  Pages        = {420--438},
  Volume       = {215},
  Publisher    = {Elsevier}
}

@Misc{237502,
  Title        = {t-structure induced on the {V}erdier quotient $\mcal{T}/\mcal{S}$},
  Author       = {B. Antieau},
  HowPublished = {MathOverflow \href{http://mathoverflow.net/q/237502}{comment}},
  Eprint       = {http://mathoverflow.net/q/237502},
  Url          = {http://mathoverflow.net/q/237502}
}

@Misc{Benabou2000.LecturenoteswrittenbyThomasStreicherb,
  Title        = {Distributors at work},
  Author       = {B{\'e}nabou, Jean},
  Year         = {2000. Lecture notes written by Thomas Streicher},
  Journal      = {Lecture notes written by Thomas Streicher},
}

@book{book:crespo,
   title =     {Algebraic Groups and Differential Galois Theory},
   author =    {Teresa Crespo, Zbigniew Hajto},
   publisher = {American Mathematical Society},
   isbn =      {082185318X,9780821853184},
   year =      {2011},
   series =    {Graduate Studies in Mathematics},
   edition =   {},
   volume =    {},
   url =       {http://gen.lib.rus.ec/book/index.php?md5=6882175C5C3591798CDB1DEB1549BF05}}

@book{book:pommaret,
   title =     {Differential Galois theory},
   author =    {J. F. Pommaret},
   publisher = {Gordon and Breach Science Publishers},
   isbn =      {0677056702,9780677056708},
   year =      {1983},
   series =    {Mathematics and its applications 15},
   edition =   {1},
   volume =    {},
   url =       {http://gen.lib.rus.ec/book/index.php?md5=9E1FE4DCD09B6B619F00DD1CB8C83A02}}

@book{book:stenstrom,
   title =     {Rings and Modules of Quotients},
   author =    {Bo T Stenstrom},
   publisher = {Springer-Verlag},
   isbn =      {0387056904,9780387056906},
   year =      {1971},
   series =    {Lecture notes in mathematics, 237},
   edition =   {},
   volume =    {},
   url =       {http://gen.lib.rus.ec/book/index.php?md5=78F18055699A33B01A40FEA3C4595CA7}}

@book{book:freyd,
   title =     {Abelian categories},
   author =    {Peter Freyd},
   publisher = {},
   isbn =      {},
   year =      {2004},
   series =    {},
   edition =   {},
   volume =    {},
   url =       {http://gen.lib.rus.ec/book/index.php?md5=660A326953381B26117960A933E9018F}}

@book{book:pope,
   title =     {Abelian categories with applications to rings and modules},
   author =    {Popescu N.},
   publisher = {Academic Press Inc},
   isbn =      {0-12-561550-7,9780125615501},
   year =      {1973},
   series =    {London Mathematical Society Monographs},
   edition =   {},
   volume =    {},
   url =       {http://gen.lib.rus.ec/book/index.php?md5=FF5BB6B918FA82C187BB048546844B47}}

@article{facchini167module,
  title={Module Theory},
  author={Facchini, A},
  journal={Progress in Mathematics},
  volume={167}
}

@book{book:deligne,
   title =     {Quantum fields and strings : a course for mathematicians},
   author =    {Pierre Deligne; Institute for Advanced Study (Princeton, N.J.); et al},
   publisher = {AMS },
   isbn =      {0821811983,9780821811986,0821819879,9780821819876,0821819887,9780821819883},
   year =      {1999},
   series =    {},
   edition =   {},
   volume =    {},
   url =       {http://gen.lib.rus.ec/book/index.php?md5=CD6403D953AD25A6E66735B02F404313}}

@book{Sping,
   title =     {Spin geometry},
   author =    {H. Blaine Lawson, Marie-Louise Michelsohn},
   publisher = {Princeton University Press},
   isbn =      {0691085420,9780691085425},
   year =      {1989},
   series =    {Princeton mathematical series 38},
   edition =   {},
   volume =    {},
   url =       {http://gen.lib.rus.ec/book/index.php?md5=96FA73CF603B637B2FCB77C1ED8120F8}}

@Misc{benabou2000distributors,
  Title        = {Distributors at work},
  Author       = {B{\'e}nabou, Jean},
  Year         = {2000. Lecture notes written by Thomas Streicher},
  Journal      = {Lecture notes written by Thomas Streicher},
}

@Book{Banagl,
  Title        = {Topological invariants of stratified spaces},
  Author       = {Banagl, M.},
  Publisher    = {Springer, Berlin},
  Year         = {2007},
  Series       = {Springer Monographs in Mathematics},
  ISBN         = {978-3-540-38585-1; 3-540-38585-1},
  Pages        = {xii+259}
}

@Book{bartocci2009fourier,
  Title        = {Fourier-{M}ukai and {N}ahm transforms in geometry and
 mathematical physics},
  Author       = {Bartocci, C. and Bruzzo, U. and Hern{\'a}ndez
 Ruip{\'e}rez, D.},
  Publisher    = {Birkh\"auser Boston, Inc., Boston, MA},
  Year         = {2009},
  Series       = {Progress in Mathematics},
  Volume       = {276},
  Doi          = {10.1007/b11801},
  ISBN         = {978-0-8176-3246-5},
  Pages        = {xvi+423},
  Url          = {\href{http://dx.doi.org/10.1007/b11801}{\textsc{doi}: b11801}}
}

@Book{Baues1989,
  Title        = {Algebraic Homotopy},
  Author       = {Baues, H.J.},
  Editor       = {Cambridge University Press},
  Publisher    = {Cambridge Univ. Press},
  Year         = {1989},
}

@article {guitart1982logique,
    AUTHOR = {Guitart, Ren\'e},
     TITLE = {Qu'est-ce que la logique dans une cat\'egorie?},
   JOURNAL = {Cahiers Topologie G\'eom. Diff\'erentielle},
  FJOURNAL = {Cahiers de Topologie et G\'eom\'etrie Diff\'erentielle},
    VOLUME = {23},
      YEAR = {1982},
    NUMBER = {2},
     PAGES = {115--148},
      ISSN = {0008-0004},
   MRCLASS = {03G30 (18D05)},
  MRNUMBER = {667394},
MRREVIEWER = {Michel Coste},
}

@article {guitart1980relations,
    AUTHOR = {Guitart, Ren\'e},
     TITLE = {Relations et carr\'es exacts},
   JOURNAL = {Ann. Sci. Math. Qu\'ebec},
  FJOURNAL = {Les Annales des Sciences Math\'ematiques du Qu\'ebec},
    VOLUME = {4},
      YEAR = {1980},
    NUMBER = {2},
     PAGES = {103--125},
      ISSN = {0707-9109},
   MRCLASS = {18A99 (18D99 18E99)},
  MRNUMBER = {599050},
MRREVIEWER = {Marta C. Bunge},
}

@Article{bazzoni2013recollements,
  Title        = {Recollements from partial tilting complexes},
  Author       = {Bazzoni, S. and Pavarin, A.},
  Journal      = {Journal of Algebra},
  Year         = {2013},
  Pages        = {338--363},
  Volume       = {388},
  Publisher    = {Elsevier}
}

@InCollection{BBDPervers,
  Title        = {Faisceaux pervers},
  Author       = {Beilinson, A.A. and Bernstein, J. and Deligne, P.},
  Booktitle    = {Analysis and topology on singular spaces, {I} ({L}uminy,
 1981)},
  Publisher    = {Soc. Math. France, Paris},
  Year         = {1982},
  Pages        = {5--171},
  Series       = {Ast\'erisque},
  Volume       = {100},
}

@Article{Beligiannisreiten,
  Title         = {Homological and homotopical aspects of torsion theories},
  Author        = {Beligiannis, A. and Reiten, I.},
  Journal       = {Mem. Amer. Math. Soc.},
  Year          = {2007},
  Number        = {883},
  Pages         = {viii+207},
  Volume        = {188},
  Coden         = {MAMCAU},
  Doi           = {10.1090/memo/0883},
  Fjournal      = {Memoirs of the American Mathematical Society},
  ISSN          = {0065-9266},
  Url           = {\href{http://dx.doi.org/10.1090/memo/0883}{\textsc{doi}: 0883}}
}

@Article{ben2010integral,
  Title         = {Integral transforms and {D}rinfel'd centers in derived algebraic geometry},
  Author        = {Ben-Zvi, D. and Francis, J. and Nadler, D.},
  Journal       = {J. Amer. Math. Soc.},
  Year          = {2010},
  Number        = {4},
  Pages         = {909--966},
  Volume        = {23}
}

@Article{Ber,
  Title         = {On the homotopy theory of enriched categories},
  Author        = {Berger, C. and Moerdijk, I.},
  Journal       = {Q.J. Math.},
  Year          = {2013},
  Number        = {3},
  Pages         = {805--846},
  Volume        = {64},
  Doi           = {10.1093/qmath/hat023},
  Fjournal      = {The Quarterly Journal of Mathematics},
  ISSN          = {0033-5606},
  Url           = {\href{http://dx.doi.org/10.1093/qmath/hat023}{\textsc{doi}: hat023}}
}

@InCollection{Be1,
  Title         = {A survey of {$(\infty,1)$}-categories},
  Author        = {Bergner, J.E.},
  Booktitle     = {Towards higher categories},
  Publisher     = {Springer, New York},
  Year          = {2010},
  Pages         = {69--83},
  Series        = {IMA Vol. Math. Appl.},
  Volume        = {152},
  Doi           = {10.1007/978-1-4419-1524-5_2},
  Url           = {\href{http://dx.doi.org/10.1007/978-1-4419-1524-5_2}{\textsc{doi}: 978-1-4419-1524-5_2}}
}

@Book{blyth2005lattices,
  Title         = {Lattices and ordered algebraic structures},
  Author        = {Blyth, T.S.},
  Publisher     = {Springer-Verlag London, Ltd., London},
  Year          = {2005},
  Series        = {Universitext},
  ISBN          = {1-85233-905-5},
  Pages         = {x+303}
}

@Article{bondal2013operations,
  Title         = {Operations on $ t $-structures and perverse coherent sheaves},
  Author        = {Bondal, A.I.},
  Journal       = {Izvestiya: Mathematics},
  Year          = {2013},
  Number        = {4},
  Pages         = {651},
  Volume        = {77},
  Publisher     = {IOP Publishing}
}

@Article{bondal2001reconstruction,
  Title         = {Reconstruction of a variety from the derived category and groups of autoequivalences},
  Author        = {{Bondal}, A.I. and {Orlov}, D.O.},
  Journal       = {Compositio Mathematica},
  Year          = {2001},
  Number        = {03},
  Pages         = {327--344},
  Volume        = {125},
  Publisher     = {Cambridge Univ Press}
}

@Article{Bondal1995,
  Title         = {{Semiorthogonal decomposition for algebraic varieties}},
  Author        = {{Bondal}, A.I. and {Orlov}, D.O.},
  Journal       = {ArXiv e-prints \href{http://arxiv.org/abs/alg-geom/9506012v1}{alg-geom/9506012}},
  Year          = {1995},
  Month         = {June},
  Pages         = {55 pp.},
  Adsnote       = {Provided by the SAO/NASA Astrophysics Data System},
  Adsurl        = {http://adsabs.harvard.edu/abs/1995alg.geom..6012B},
  Keywords      = {Mathematics - Algebraic Geometry},
}

@Article{Boo,
  Title         = {Sequences of adjoint functors},
  Author        = {Booth, P.I.},
  Journal       = {Arch. Math. (Basel)},
  Year          = {1972},
  Pages         = {489--493},
  Volume        = {23},
  Fjournal      = {Archiv der Mathematik},
  ISSN          = {0003-889X},
}

@Book{Bor1,
  Title         = {Handbook of categorical algebra. 1},
  Author        = {Borceux, Francis},
  Publisher     = {Cambridge University Press, Cambridge},
  Year          = {1994},
  Note          = {Basic category theory},
  Series        = {Encyclopedia of Mathematics and its Applications},
  Volume        = {50},
  ISBN          = {0-521-44178-1},
  Pages         = {xvi+345}
}

@Book{Bor2,
  Title         = {Handbook of categorical algebra. 2},
  Author        = {Borceux, Francis},
  Publisher     = {Cambridge University Press, Cambridge},
  Year          = {1994},
  Note          = {Categories and structures},
  Series        = {Encyclopedia of Mathematics and its Applications},
  Volume        = {51},
  ISBN          = {0-521-44179-X},
  Pages         = {xviii+443}
}

@Book{BoJa,
  Title         = {Galois theories},
  Author        = {Borceux, F. and Janelidze, G.},
  Publisher     = {Cambridge University Press, Cambridge},
  Year          = {2001},
  Series        = {Cambridge Studies in Advanced Mathematics},
  Volume        = {72},
  Doi           = {10.1017/CBO9780511619939},
  ISBN          = {0-521-80309-8},
  Pages         = {xiv+341},
  Url           = {\href{http://dx.doi.org/10.1017/CBO9780511619939}{\textsc{doi}: CBO9780511619939}}
}

@Book{borges2012hacedor,
  Title         = {El hacedor},
  Author        = {Borges, J.L.},
  Editor        = {Emecé Editores},
  Publisher     = {Penguin Random House Grupo Editorial Espa{\~n}a},
  Year          = {1960},
  ISBN          = {9788499897752},
  Timestamp     = {2015.09.29},
  Url           = {http://books.google.it/books?id=lJh5lZSSbKEC}
}

@Book{borgesEN,
  Title         = {Fictions},
  Author        = {Borges, J.L.},
  Editor        = {Anthony Kerrigan},
  Publisher     = {Grove Weidenfeld},
  Year          = {1963},
  Address       = {New York},
  Faddress      = {Buenos Aires},
  Flanguage     = {Spanish},
  Fpublisher    = {Emec{\'e} Editores},
  Fyear         = {1956}
}

@Book{borges1997otras,
  Title         = {Otras inquisiciones},
  Author        = {Borges, J.L.},
  Publisher     = {Alianza},
  Year          = {1997},
  Series        = {Biblioteca Borges},
  ISBN          = {9788420633169},
  Url           = {http://books.google.it/books?id=FwPk9RHuIVUC}
}

@Book{Otras,
  Title         = {Other Inquisitions},
  Author        = {Borges, J.L.},
  Publisher     = {University of Texas Press},
  Year          = {1964},
  Series        = {Texas Pan-American},
  Lccn          = {64019416}
}

@Book{Borges1963,
  Title         = {Ficciones},
  Author        = {Borges, J.L.},
  Publisher     = {Editorial Sur},
  Year          = {1944},
  Address       = {Buenos Aires},
  Faddress      = {Buenos Aires},
  Flanguage     = {Spanish},
  Fpublisher    = {Emec{\'e} Editores},
  Fyear         = {1944},
}

@Book{Bourbaki,
  Title         = {Th{\'e}orie des ensembles},
  Author        = {Bourbaki, N.},
  Publisher     = {Springer Berlin Heidelberg},
  Year          = {2007},
  Series        = {{\'E}l{\'e}ments de math{\'e}matique},
  ISBN          = {9783540340355},
  Url           = {https://books.google.it/books?id=VDGifaOQogcC}
}

@Article{bousfield1979localization,
  Title         = {The localization of spectra with respect to homology},
  Author        = {Bousfield, A.K.},
  Journal       = {Topology},
  Year          = {1979},
  Number        = {4},
  Pages         = {257--281},
  Volume        = {18},
  Publisher     = {Elsevier}
}

@Article{bousfield1977constructions,
  Title         = {Constructions of factorization systems in categories},
  Author        = {Bousfield, A.K.},
  Journal       = {Journal of Pure and Applied Algebra},
  Year          = {1977},
  Number        = {2},
  Pages         = {207--220},
  Volume        = {9},
  Publisher     = {Elsevier}
}

@Article{bozapalides1980some,
  Title         = {Some remarks on lax-presheaves},
  Author        = {Bozapalides, Sym{\'e}on},
  Journal       = {Illinois Journal of Mathematics},
  Year          = {1980},
  Number        = {4},
  Pages         = {676--680},
  Volume        = {24},
  Publisher     = {University of Illinois at Urbana-Champaign, Department of Mathematics}
}

@Article{bozapalides1977finsgen,
  Title         = {Les fins cart{\'e}siennes g{\'e}n{\'e}ralis{\'e}es},
  Author        = {Bozapalides, Sym{\'e}on},
  Journal       = {Archivum Mathematicum},
  Year          = {1977},
  Number        = {2},
  Pages         = {75--87},
  Volume        = {13},
  Publisher     = {Department of Mathematics, Faculty of Science of Masaryk University, Brno}
}

@Article{bozapalides1975fins,
  Title         = {Les fins cart{\'e}siennes},
  Author        = {Bozapalides, Sym{\'e}on},
  Journal       = {C.R. Acad. Sci. Paris A},
  Year          = {1975},
  Pages         = {597--600},
  Volume        = {281}
}

@Article{Bridge2,
  Title         = {Spaces of stability conditions},
  Author        = {Bridgeland, T.},
  Journal       = {Algebraic geometry -- Seattle 2005. Part},
  Year          = {2009},
  Pages         = {1--21},
  Volume        = {1}
}

@Article{Brid,
  Title         = {Stability conditions on triangulated categories},
  Author        = {Bridgeland, T.},
  Journal       = {Ann. of Math. (2)},
  Year          = {2007},
  Number        = {2},
  Pages         = {317--345},
  Volume        = {166},
  Coden         = {ANMAAH},
  Fjournal      = {Annals of Mathematics. Second Series},
  ISSN          = {0003-486X},
}

@Article{bruguieres2011hopf,
  Title         = {Hopf monads on monoidal categories},
  Author        = {Brugui{\`e}res, Alain and Lack, Steve and Virelizier, Alexis},
  Journal       = {Adv. Math.},
  Year          = {2011},
  Number        = {2},
  Pages         = {745--800},
  Volume        = {227},
  Coden         = {ADMTA4},
  Doi           = {10.1016/j.aim.2011.02.008},
  Fjournal      = {Advances in Mathematics},
  ISSN          = {0001-8708},
  Url           = {\href{http://dx.doi.org/10.1016/j.aim.2011.02.008}{\textsc{doi}: j.aim.2011.02.008}}
}

@Article{buan2013triangulated,
  Title         = {From triangulated categories to module categories via localisation},
  Author        = {Buan, A. and Marsh, R.},
  Journal       = {Transactions of the American Mathematical Society},
  Year          = {2013},
  Number        = {6},
  Pages         = {2845--2861},
  Volume        = {365}
}

@Article{buan2006tilting,
  Title         = {Tilting theory and cluster combinatorics},
  Author        = {Buan, A. and Marsh, R. and Reineke, M. and Reiten, I. and Todorov, G.},
  Journal       = {Advances in mathematics},
  Year          = {2006},
  Number        = {2},
  Pages         = {572--618},
  Volume        = {204},
  Publisher     = {Elsevier}
}

@Article{cobo,
  Title         = {A note on the $(\infty,n)$-category of cobordisms},
  Author        = {Calaque, D. and Scheimbauer, C.},
  Journal       = {\arXivPreprint{1509.08906}},
  Year          = {2015}
}

@Article{calmes2009tensor,
  Title         = {Tensor-triangulated categories and dualities},
  Author        = {Calm{\`e}s, B. and Hornbostel, J.},
  Journal       = {Theory Appl. Categ.},
  Year          = {2009},
  Pages         = {No. 6, 136--200},
  Volume        = {22},
  Fjournal      = {Theory and Applications of Categories},
  ISSN          = {1201-561X},
}

@InCollection{canonaco2011fourier,
  Title         = {Fourier-{M}ukai functors: a survey},
  Author        = {Canonaco, A. and Stellari, P.},
  Booktitle     = {Derived categories in algebraic geometry},
  Publisher     = {Eur. Math. Soc., Z\"urich},
  Year          = {2012},
  Pages         = {27--60},
  Series        = {EMS Ser. Congr. Rep.},
}

@Article{Olivia,
  Title         = {The unification of mathematics via topos theory},
  Author        = {Caramello, O.},
  Journal       = {\arXivPreprint{1006.3930}},
  Year          = {2010},
  Pages         = {42}
}

@Misc{Carche,
  Title         = {Topos Theory course},
  Author        = {Carchedi, David},
  Editor        = {\href{http://math.gmu.edu/~dcarched/topos.html}{online notes}}
}

@Article{CHK,
  Title         = {Reflective subcategories, localizations and factorization
 systems},
  Author        = {Cassidy, C. and H{\'e}bert, M. and Kelly, G.M.},
  Journal       = {J. Austral. Math. Soc. Ser. A},
  Year          = {1985},
  Number        = {3},
  Pages         = {287--329},
  Volume        = {38},
  Coden         = {JAMADS},
  Fjournal      = {Australian Mathematical Society. Journal. Series A. Pure
 Mathematics and Statistics},
  ISSN          = {0263-6115},
}

@Article{cattani2005profunctors,
  Title         = {Profunctors, open maps and bisimulation},
  Author        = {Cattani, Gian Luca and Winskel, Glynn},
  Journal       = {Mathematical Structures in Computer Science},
  Year          = {2005},
  Number        = {03},
  Pages         = {553--614},
  Volume        = {15},
  Publisher     = {Cambridge Univ Press}
}

@Article{chen2014recollements,
  Title         = {Recollements of derived categories \textsc{iii}: Finitistic dimensions},
  Author        = {Chen, H. and others},
  Journal       = {\arXivPreprint{1405.5090}},
  Year          = {2014},
  Pages         = {26}
}

@Article{cisin,
  Title         = {Cat{\'e}gories sup{\'e}rieures et th{\'e}orie des topos},
  Author        = {Cisinski, Denis-Charles},
  Journal       = {Séminaire Bourbaki},
  Year          = {2015},
  Number        = {1097}
}

@Book{cohen1981odd,
  Title         = {Odd primary infinite families in stable homotopy theory},
  Author        = {Cohen, Ralph L},
  Publisher     = {American Mathematical Soc.},
  Year          = {1981},
  Volume        = {242}
}

@article{inftycoends,
  author={Genovese, F. and Loregian, F.},
  title={Co/end calculus for $\infty$-categories},
  journal={In preparation}
}


@article{cockett2003morphisms,
  title={Morphisms and modules for poly-bicategories},
  author={Cockett, JRB and Koslowski, J and Seely, RAG},
  journal={Theory and Applications of Categories},
  volume={11},
  number={2},
  pages={15--74},
  year={2003}
}

@book{happel,
  title={Tilting in abelian categories and quasitilted algebras},
  author={Happel, D. and Reiten, I. and Smal{\o}, S.O.},
  volume={575},
  year={1996},
  publisher={American Mathematical Soc.}
}

@Book{Cordier2008,
  Title         = {Shape Theory: Categorical Methods of Approximation},
  Author        = {Cordier, J.M. and Porter, T.},
  Publisher     = {Dover Publications},
  Year          = {2008},
  Series        = {Dover books on mathematics},
  ISBN          = {9780486466231},
  Lccn          = {2007053039},
  Timestamp     = {2016.01.08},
  Url           = {http://books.google.co.uk/books?id=qsHoUmuJljwC}
}

@book {MR0365573,
    AUTHOR = {Bousfield, A. K. and Kan, D. M.},
     TITLE = {Homotopy limits, completions and localizations},
    SERIES = {Lecture Notes in Mathematics, Vol. 304},
 PUBLISHER = {Springer-Verlag, Berlin-New York},
      YEAR = {1972},
     PAGES = {v+348},
}

@article{imkelly,
title = "A universal property of the convolution monoidal structure",
journal = "Journal of Pure and Applied Algebra",
volume = "43",
number = "1",
pages = "75 - 88",
year = "1986",
note = "",
issn = "0022-4049",
doi = "http://dx.doi.org/10.1016/0022-4049(86)90005-8",
url = "http://www.sciencedirect.com/science/article/pii/0022404986900058",
author = "Geun Bin IM and G.M. Kelly",
}

@Article{cordier1997homotopy,
  Title         = {Homotopy coherent category theory},
  Author        = {Cordier, Jean-Marc and Porter, Timothy},
  Journal       = {Transactions of the American Mathematical Society},
  Year          = {1997},
  Number        = {1},
  Pages         = {1--54},
  Volume        = {349}
}

@Misc{Cordier1989,
  Title         = {Shape theory: Categorical methods of approximation},
  Author        = {Cordier, J.-M. and Porter, T.},
  Year          = {1989},
  Publisher     = {Ellis Horwood (Chichester, West Sussex, England and New York)},
}

@Book{cordier1989shape,
  Title         = {Shape theory: Categorical methods of approximation},
  Author        = {Cordier, J.-M. and Porter, T.},
  Publisher     = {Ellis Horwood (Chichester, West Sussex, England and New York)},
  Year          = {1989},
}

@Article{gen-operads,
  Title         = {Operads with general groups of equivariance, and some 2-categorical aspects of operads in {\bf Cat}},
  Author        = {A.S. Corner and N. Gurski},
  Journal       = {\arXivPreprint{1312.5910}},
  Year          = {2013}
}

@Misc{Cox2004,
  Title         = {Representation theory of towers of recollement: theory, notes, and examples},
  Author        = {Anton Cox and Paul Martin and Alison Parker and Changchang Xi},
  Year          = {2004},
  Eprint        = {\arXivPreprint{math/0411395}},
}

@Misc{Cox2004a,
  Title         = {Representation theory of towers of recollement: theory, notes, and examples},
  Author        = {Anton Cox and Paul Martin and Alison Parker and Changchang Xi},
  Year          = {2004},
  Eprint        = {\arXivPreprint{math/0411395}},
}

@Article{martin2,
  Title         = {Representation theory of towers of recollement: theory, notes, and examples},
  Author        = {Anton Cox and Paul Martin and Alison Parker and Changchang Xi},
  Journal       = {\arXivPreprint{0411395}},
  Year          = {2004}
}

@Misc{DAgnolo2015,
  Title         = {Enhanced perversities},
  Author        = {D'Agnolo, A. and Kashiwara, M.},
  Year          = {2015},
  Eprint        = {\arXivPreprint{1509.03791}},
}

@Article{enhanperv,
  Title         = {Enhanced perversities},
  Author        = {Andrea D'Agnolo and Masaki Kashiwara},
  Journal       = {\arXivPreprint{1509.03791}},
  Year          = {2015}
}

@Article{d1996radon,
  Title         = {Radon--Penrose transform for D-modules},
  Author        = {D'Agnolo, A. and Schapira, P.},
  Journal       = {Journal of Functional Analysis},
  Year          = {1996},
  Pages         = {349--382},
  Volume        = {139}
}

@Article{day2011monoidal,
  Title         = {Monoidal functor categories and graphic {F}ourier transforms},
  Author        = {Day, B.J.},
  Journal       = {Theory Appl. Categ.},
  Year          = {2011},
  Pages         = {No. 5, 118--141},
  Volume        = {25},
  Fjournal      = {Theory and Applications of Categories},
  ISSN          = {1201-561X},
}

@InCollection{day1974embedding,
  Title         = {An embedding theorem for closed categories},
  Author        = {Day, B.J.},
  Booktitle     = {Category {S}eminar ({P}roc. {S}em., {S}ydney, 1972/1973)},
  Publisher     = {Springer, Berlin},
  Year          = {1974},
  Pages         = {55--64. Lecture Notes in Math., Vol. 420},
}

@InCollection{Day1974,
  Title         = {On adjoint-functor factorisation},
  Author        = {Day, B.J. and Kelly, {G}. {M}ax},
  Booktitle     = {Category Seminar},
  Publisher     = {Springer Berlin Heidelberg},
  Year          = {1974},
  Pages         = {1-19},
  Series        = {Lecture Notes in Mathematics},
  Volume        = {420},
  Doi           = {10.1007/BFb0063097},
  ISBN          = {978-3-540-06966-9},
  Language      = {English},
  Timestamp     = {2015.09.29},
  Url           = {\href{http://dx.doi.org/10.1007/BFb0063097}{\textsc{doi}: BFb0063097}}
}

@InCollection{day1969enriched,
  Title         = {Enriched functor categories},
  Author        = {Day, Brian J. and Kelly, Gregory M.},
  Booktitle     = {Reports of the {M}idwest {C}ategory {S}eminar, {III}},
  Publisher     = {Springer, Berlin},
  Year          = {1969},
  Pages         = {178--191},
}

@Book{de1996analisi,
  Title         = {Analisi 1. Primo corso di analisi matematica. Teoria ed esercizi},
  Author        = {De Marco, G.},
  Publisher     = {Zanichelli},
  Year          = {1996},
  Series        = {Collana di matematica. Testi e manuali},
  ISBN          = {9788808243126},
  Url           = {https://books.google.it/books?id=IaN1PQAACAAJ}
}

@PhdThesis{DeA,
  Title         = {The {S}panier-{W}hitehead category is always triangulated},
  Author        = {Dell'Ambrogio, I.},
  School        = {Diplomarbeit an der ETH Z{\"u}rich (2003-04)},
  Year          = {2004},
}

@Article{dickson1966torsion,
  Title         = {A torsion theory for abelian categories},
  Author        = {Dickson, S.E.},
  Journal       = {Transactions of the American Mathematical Society},
  Year          = {1966},
  Number        = {1},
  Pages         = {223--235},
  Volume        = {121},
  Publisher     = {JSTOR}
}

@Article{Dold1961,
  Title         = {Homologie nicht-additiver Funktoren. Anwendungen},
  Author        = {Dold, A. and Puppe, D.},
  Journal       = {Annales de l'institut Fourier},
  Year          = {1961},
  Pages         = {201-312},
  Volume        = {11},
  Keywords      = {topology},
  Language      = {ger},
  Publisher     = {Association des Annales de l'Institut Fourier},
  Url           = {http://eudml.org/doc/73776}
}

@Article{douglas2002dirichlet,
  Title         = {Dirichlet branes, homological mirror symmetry, and stability},
  Author        = {Douglas, M.R.},
  Journal       = {\arXivPreprint{math/0207021}},
  Year          = {2002}
}

@Article{douglas2001d,
  Title         = {$D$-branes, categories and $N=1$ supersymmetry},
  Author        = {Douglas, M.R.},
  Journal       = {Journal of Mathematical Physics},
  Year          = {2001},
  Number        = {7},
  Pages         = {2818--2843},
  Volume        = {42},
  Publisher     = {AIP Publishing}
}

@Book{dubuc1970kan,
  Title         = {Kan extensions in enriched category theory},
  Author        = {Dubuc, Eduardo J.},
  Publisher     = {Springer-Verlag, Berlin-New York},
  Year          = {1970},
  Series        = {Lecture Notes in Mathematics, Vol. 145},
  Pages         = {xvi+173}
}

@InCollection{enrichFSDay,
  Title                    = {On adjoint-functor factorisation},
  Author                   = {Day, B.},
  Booktitle                = {Category {S}eminar ({P}roc. {S}em., {S}ydney, 1972/1973)},
  Publisher                = {Springer, Berlin},
  Year                     = {1974},
  Pages                    = {1--19. Lecture Notes in Math., Vol. 420},
}

@article{concreteness,
Author = {Fosco Loregian and Ivan Di Liberti},
Title = {Homotopical algebra is not concrete},
Year = {2017},
Journal = {\arXivPreprint{1704.00303}},
}

@article{riehlverity-5,
  Title                    = {Kan extensions and the calculus of modules for $\infty$-categories},
  Author                   = {Riehl, E. and Verity, D.},
  Year                     = {2015},
  Journal                  = {arXiv preprint \arXivPreprint{1507.01460}}
}

@Book{ostvaer2010homotopy,
  Title                    = {Homotopy Theory of C*-Algebras},
  Author                   = {{\O}stv{\ae}r, P. A.},
  Editor                   = {Springer Verlag},
  Publisher                = {Springer Basel},
  Year                     = {2010},
  Series                   = {Frontiers in Mathematics},
  __markedentry            = {[fouche:6]},
  ISBN                     = {9783034605656},
  Lccn                     = {2010933114},
  Owner                    = {fouche},
  Timestamp                = {2015.09.29},
  Url                      = {https://books.google.it/books?id=eY1UGPCS1ugC}
}

@Article{Dwyer1995,
  Title         = {Homotopy theories and model categories},
  Author        = {Dwyer, W.G. and Spalinski, J.},
  Journal       = {Handbook of algebraic topology},
  Year          = {1995},
  Volume        = {73126},
}

@Article{DK1,
  Title         = {Simplicial localizations of categories},
  Author        = {Dwyer, W.G. and Kan, D.M.},
  Journal       = {J. Pure Appl. Algebra},
  Year          = {1980},
  Number        = {3},
  Pages         = {267--284},
  Volume        = {17},
  Doi           = {10.1016/0022-4049(80)90049-3},
  Fjournal      = {Journal of Pure and Applied Algebra},
  ISSN          = {0022-4049},
  Url           = {\href{http://dx.doi.org/10.1016/0022-4049(80)90049-3}{\textsc{doi}: 0022-4049(80)90049-3}}
}

@Article{DK2,
  Title         = {Calculating simplicial localizations},
  Author        = {Dwyer, W.G. and Kan, D.M.},
  Journal       = {J. Pure Appl. Algebra},
  Year          = {1980},
  Number        = {1},
  Pages         = {17--35},
  Volume        = {18},
  Doi           = {10.1016/0022-4049(80)90113-9},
  Fjournal      = {Journal of Pure and Applied Algebra},
  ISSN          = {0022-4049},
  Url           = {\href{http://dx.doi.org/10.1016/0022-4049(80)90113-9}{\textsc{doi}: 0022-4049(80)90113-9}}
}

@Article{DK3,
  Title         = {Function complexes in homotopical algebra},
  Author        = {Dwyer, W.G. and Kan, D.M.},
  Journal       = {Topology},
  Year          = {1980},
  Number        = {4},
  Pages         = {427--440},
  Volume        = {19},
  Coden         = {TPLGAF},
  Doi           = {10.1016/0040-9383(80)90025-7},
  Fjournal      = {Topology. An International Journal of Mathematics},
  ISSN          = {0040-9383},
  Url           = {\href{http://dx.doi.org/10.1016/0040-9383(80)90025-7}{\textsc{doi}: 0040-9383(80)90025-7}}
}

@Misc{Egger2006,
  Title         = {{I}nfinite {M}ateship},
  Author        = {Egger, J.},
  Year          = {2006},
  Eprint        = {note available at \url{http://www.mscs.dal.ca/~jegger/repthy.pdf}},
}

@Article{eilenberg1966generalization,
  Title         = {A generalization of the functorial calculus},
  Author        = {Eilenberg, Samuel and Kelly, G.M.},
  Journal       = {J. Algebra},
  Year          = {1966},
  Pages         = {366--375},
  Volume        = {3},
  Fjournal      = {Journal of Algebra},
  ISSN          = {0021-8693},
}

@Article{eilenberg1945axiomatic,
  Title         = {Axiomatic approach to homology theory},
  Author        = {Eilenberg, Samuel and Steenrod, Norman E.},
  Journal       = {Proceedings of the National Academy of Sciences of the United States of America},
  Year          = {1945},
  Number        = {4},
  Pages         = {117},
  Volume        = {31},
  Publisher     = {National Academy of Sciences},
}

@Book{Vick73a,
  author =   "J.M. Vick",
  title =    "Homology Theory: an Introduction to Algebraic Topology",
  publisher =    "Academic Press",
  year =   1973,
  series =   "Pure and Applied Mathematics"
}

@Book{elmendorf2007rings,
  Title         = {Rings, modules, and algebras in stable homotopy theory},
  Author        = {Elmendorf, Anthony D. and Kriz, Igor and Mandell, Michael A. and May, J. Peter},
  Publisher     = {American Mathematical Soc.},
  Year          = {2007},
  Number        = {47}
}

@Other{Fiorenza2015,
  Title         = {{Hearts and towers in stable $\infty$-categories}},
  Archiveprefix = {arXiv},
  Author        = {{F}iorenza, {D}omenico and {L}oregiàn, {F}osco},
  Eprint        = {1501.04658},
  Eprinttype    = {arxiv},
  Month         = jan,
  Primaryclass  = {math.CT},
  Timestamp     = {2015.09.29},
  Url           = {\arXivPreprint{1501.04658}},
  Year          = {2015}
}

@Article{Fiorenza2014,
   title={t-structures are normal torsion theories},
  author={Fiorenza, D. and Loregi{\`a}n, F.},
  journal={Applied Categorical Structures},
  volume={24},
  number={2},
  pages={181--208},
  year={2016},
  publisher={Springer}
}

@article{low2013universes,
  title={Universes for category theory},
  author={Low, Zhen Lin},
  journal={\arXivPreprint{1304.5227}},
  year={2013}
}

@Article{infty-stab,
  Title         = {{S}tability conditions on stable $\infty$-categories.},
  Author        = {{F}iorenza, D. and {L}oregi\`an, F.},
  Journal       = {in preparation},
  Year          = {2016},
  Pages         = {$<\infty$}
}

@Article{FL0,
  title={t-structures are normal torsion theories},
  author={Fiorenza, D. and Loregi{\`a}n, F.},
  journal={Applied Categorical Structures},
  volume={24},
  number={2},
  pages={181--208},
  year={2016},
  publisher={Springer}
}

@Article{heart,
  Title         = {Hearts and towers in stable $\infty$-categories},
  Author        = {{F}iorenza, D. and {L}oregi\`an, F.},
  Journal       = {\arXivPreprint{1501.04658}},
  Year          = {2015},
  Pages         = {24},
}

@Article{recol,
  Title         = {Recollements in stable $\infty$-categories},
  Author        = {{F}iorenza, D. and {L}oregi\`an, F.},
  Journal       = {\arXivPreprint{1507.03913}},
  Year          = {2015},
  Pages         = {33},
  Primaryclass  = {math.CT}
}

@Article{fausk2003isomorphisms,
  Title         = {Isomorphisms between left and right adjoints},
  Author        = {Fausk, H and Hu, Po and May, JP},
  Journal       = {Theory},
  Year          = {2003},
  Number        = {4},
  Pages         = {107--131},
  Volume        = {11},
}

@Article{fiorenza-tqft1,
  Title         = {Central extensions of mapping class groups from characteristic classes},
  Author        = {Fiorenza, D. and U. Schreiber and Valentino, A.},
  Journal       = {\arXivPreprint{1503.00888}},
  Year          = {2015}
}

@book{may2011more,
  title={More concise algebraic topology: localization, completion, and model categories},
  author={May, J Peter and Ponto, Kate},
  year={2011},
  publisher={University of Chicago Press}
}

@Article{fiorenza-tqft2,
  Title         = {Boundary Conditions for Topological Quantum Field Theories, Anomalies and Projective Modular Functors},
  Author        = {Fiorenza, D. and Valentino, A.},
  Journal       = {Communications in Mathematical Physics},
  Year          = {2015},
  Number        = {3},
  Pages         = {1043-1074},
  Volume        = {338},
  Doi           = {10.1007/s00220-015-2371-3},
  ISSN          = {0010-3616},
  Language      = {English},
  Publisher     = {Springer Berlin Heidelberg},
  Url           = {\href{http://dx.doi.org/10.1007/s00220-015-2371-3}{\textsc{doi}: s00220-015-2371-3}}
}

@Article{Freydconc,
  author =       "Peter Freyd",
  title =        "Homotopy is not concrete",
  journal =      j-LECT-NOTES-MATH,
  volume =       "168",
  pages =        "25--34",
  year =         "1970",
  CODEN =        "LNMAA2",
  DOI =          "http://dx.doi.org/10.1007/BFb0058516",
  ISBN =         "3-540-05300-X (print), 3-540-36437-4 (e-book)",
  ISBN-13 =      "978-3-540-05300-2 (print), 978-3-540-36437-5
                 (e-book)",
  ISSN =         "0075-8434 (print), 1617-9692 (electronic)",
  ISSN-L =       "0075-8434",
  bibdate =      "Fri May 9 19:07:41 MDT 2014",
  bibsource =    "http://www.math.utah.edu/pub/tex/bib/lnm1970.bib",
  URL =          "http://link.springer.com/chapter/10.1007/BFb0058516/",
  acknowledgement = ack-nhfb,
  book-DOI =     "http://dx.doi.org/10.1007/BFb0058513",
  book-URL =     "http://www.springerlink.com/content/978-3-540-36437-5",
  fjournal =     "Lecture Notes in Mathematics",
  journal-URL =  "http://link.springer.com/bookseries/304",
}

@Book{freyd1964abelian,
  Title         = {Abelian categories. {A}n introduction to the theory of
 functors},
  Author        = {Freyd, P.},
  Publisher     = {Harper \& Row, Publishers, New York},
  Year          = {1964},
  Series        = {Harper's Series in Modern Mathematics},
  Pages         = {xi+164}
}

@Article{FK,
  Title         = {Categories of continuous functors. {I}},
  Author        = {Freyd, P.J. and Kelly, G.M.},
  Journal       = {J. Pure Appl. Algebra},
  Year          = {1972},
  Pages         = {169--191},
  Volume        = {2},
  Fjournal      = {Journal of Pure and Applied Algebra},
  ISSN          = {0022-4049},
}

@Book{Fuch63,
  Title         = {Partially ordered algebraic systems},
  Author        = {Fuchs, L.},
  Publisher     = {Pergamon Press, Oxford-London-New York-Paris; Addison-Wesley
 Publishing Co., Inc., Reading, Mass.-Palo Alto, Calif.-London},
  Year          = {1963},
  Pages         = {ix+229}
}

@Book{GZ,
  Title         = {Calculus of fractions and homotopy theory},
  Author        = {Gabriel, Peter and Zisman, Michel},
  Publisher     = {Springer-Verlag New York, Inc., New York},
  Year          = {1967},
  Series        = {Ergebnisse der Mathematik und ihrer Grenzgebiete, Band 35},
  Pages         = {x+168}
}

@misc{gambo-joy,
Author = {Nicola Gambino and André Joyal},
Title = {On operads, bimodules and analytic functors},
Year = {2014},
Journal = {\arXivPreprint{1405.7270}},
}

@misc{marek,
Author = {Stanis{\l}aw Szawiel and Marek Zawadowski},
Title = {Polynomial and Analytic Functors and Monads, revisited},
Year = {2015},
Journal = {\arXivPreprint{1506.04317}},
}

@Article{Gamb,
  Title         = {Weighted limits in simplicial homotopy theory},
  Author        = {Gambino, Nicola},
  Journal       = {J. Pure Appl. Algebra},
  Year          = {2010},
  Number        = {7},
  Pages         = {1193--1199},
  Volume        = {214},
  Coden         = {JPAAA2},
  Doi           = {10.1016/j.jpaa.2009.10.006},
  Fjournal      = {Journal of Pure and Applied Algebra},
  ISSN          = {0022-4049},
  Url           = {\href{http://dx.doi.org/10.1016/j.jpaa.2009.10.006}{\textsc{doi}: j.jpaa.2009.10.006}}
}

@Article{Gar,
  Title         = {Understanding the small object argument},
  Author        = {Garner, R.},
  Journal       = {Appl. Categ. Structures},
  Year          = {2009},
  Pages         = {247--285},
  Coden         = {ACASE6},
  Doi           = {10.1007/s10485-008-9137-4},
  Fjournal      = {Applied Categorical Structures. A Journal Devoted to Applications of Categorical Methods in Algebra, Analysis, Order, Topology and Computer Science},
  ISSN          = {0927-2852},
  Url           = {\href{http://dx.doi.org/10.1007/s10485-008-9137-4}{\textsc{doi}: s10485-008-9137-4}}
}

@Article{Garner2009a,
  Title         = {{Understanding the small object argument.}},
  Author        = {Garner, R.},
  Journal       = {Appl. Categ. Struct. },
  Year          = {2009},
  Number        = {3},
  Pages         = {247-285},
  Volume        = {17},
  Doi           = {10.1007/s10485-008-9137-4},
  Language      = {English},
}

@Book{gelfand2013methods,
  Title         = {Methods of homological algebra},
  Author        = {Gelfand, S.I. and Manin, Y.I.},
  Publisher     = {Springer-Verlag, Berlin},
  Year          = {1996},
  Note          = {Translated from the 1988 Russian original},
  Doi           = {10.1007/978-3-662-03220-6},
  ISBN          = {3-540-54746-0},
  Pages         = {xviii+372},
}

@PhdThesis{nashphd,
  Title         = {Quasi-functors as lifts of Fourier-Mukai functors: the uniqueness problem},
  Author        = {F. Genovese},
  School        = {Università degli studi di Pavia},
  Year          = {2015}
}

@article{adams1978infinite,
  title={Infinite loop spaces, volume 90 of Annals of Mathematics Studies},
  author={Adams, John Frank},
  journal={Princeton University Press, Princeton, NJ},
  volume={129},
  pages={247},
  year={1978}
}

@incollection {MR1436914,
    AUTHOR = {May, J. P.},
     TITLE = {Operads, algebras and modules},
 BOOKTITLE = {Operads: {P}roceedings of {R}enaissance {C}onferences
              ({H}artford, {CT}/{L}uminy, 1995)},
    SERIES = {Contemp. Math.},
    VOLUME = {202},
     PAGES = {15--31},
 PUBLISHER = {Amer. Math. Soc., Providence, RI},
      YEAR = {1997},
       DOI = {10.1090/conm/202/02588},
       URL = {http://dx.doi.org/10.1090/conm/202/02588},
}

@Article{gepner2015lax,
  Title         = {Lax colimits and free fibrations in $\infty$-categories},
  Author        = {David Gepner and Rune Haugseng and Thomas Nikolaus},
  Journal       = {\arXivPreprint{1501.02161}},
  Year          = {2015}
}

@article {MR0396578,
    AUTHOR = {Waterhouse, William C.},
     TITLE = {Basically bounded functors and flat sheaves},
   JOURNAL = {Pacific J. Math.},
  FJOURNAL = {Pacific Journal of Mathematics},
    VOLUME = {57},
      YEAR = {1975},
    NUMBER = {2},
     PAGES = {597--610},
      ISSN = {0030-8730},
}

@InCollection{Getzler2009,
  Title         = {Operads revisited},
  Author        = {Getzler, Ezra},
  Booktitle     = {Algebra, arithmetic, and geometry: in honor of {Y}u. {I}.
 {M}anin. {V}ol. {I}},
  Publisher     = {Birkh\"auser Boston, Inc., Boston, MA},
  Year          = {2009},
  Pages         = {675--698},
  Series        = {Progr. Math.},
  Volume        = {269},
  Doi           = {10.1007/978-0-8176-4745-2_16},
}

@InCollection{getzler2009operads,
  Title         = {Operads revisited},
  Author        = {Getzler, Ezra},
  Booktitle     = {Algebra, Arithmetic, and Geometry},
  Year          = {2009},
  Pages         = {675--698},
}

@Book{glass1999partially,
  Title         = {Partially ordered groups},
  Author        = {Glass, A.M. W.},
  Publisher     = {World Scientific Publishing Co., Inc., River Edge, NJ},
  Year          = {1999},
  Series        = {Series in Algebra},
  Volume        = {7},
  Doi           = {10.1142/3811},
  ISBN          = {981-02-3493-7},
  Pages         = {xiv+307},
  Url           = {\href{http://dx.doi.org/10.1142/3811}{\textsc{doi}: 3811}}
}

@book {McCleary:usersguide,
    AUTHOR = {McCleary, John},
     TITLE = {A user's guide to spectral sequences},
    SERIES = {Cambridge Studies in Advanced Mathematics},
    VOLUME = {58},
   EDITION = {Second},
 PUBLISHER = {Cambridge University Press},
   ADDRESS = {Cambridge},
      YEAR = {2001},
     PAGES = {xvi+561},
      ISBN = {0-521-56759-9},
   MRCLASS = {55Txx (18G40)},
MRREVIEWER = {Frank Neumann},
}

@Book{GoJ,
  Title         = {Simplicial homotopy theory},
  Author        = {Goerss, P.G. and Jardine, J.F.},
  Publisher     = {Birkh\"auser Verlag, Basel},
  Year          = {2009},
  Note          = {Reprint of the 1999 edition},
  Series        = {Modern Birkh\"auser Classics},
  Doi           = {10.1007/978-3-0346-0189-4},
  ISBN          = {978-3-0346-0188-7},
  Pages         = {xvi+510},
  Url           = {\href{http://dx.doi.org/10.1007/978-3-0346-0189-4}{\textsc{doi}: 978-3-0346-0189-4}}
}

@InProceedings{Goerss05moduliproblems,
  Title         = {Moduli problems for structured ring spectra},
  Author        = {P.G. Goerss and M.J. Hopkins},
  Booktitle     = {DANIEL DUGGER AND BROOKE},
  Year          = {2005}
}

@Article{goresky1983intersection,
  Title         = {Intersection homology \textsc{ii}},
  Author        = {Goresky, M. and MacPherson, R.},
  Journal       = {Inventiones Mathematicae},
  Year          = {1983},
  Number        = {1},
  Pages         = {77--129},
  Volume        = {72},
  Publisher     = {Springer}
}

@Article{goresky1980intersection,
  Title         = {Intersection homology theory},
  Author        = {Goresky, M. and MacPherson, R.},
  Journal       = {Topology},
  Year          = {1980},
  Number        = {2},
  Pages         = {135--162},
  Volume        = {19},
  Publisher     = {Elsevier}
}

@Article{GKR,
  Title         = {{$t$}-stabilities and {$t$}-structures on triangulated categories},
  Author        = {Gorodentsev, A.L. and Kuleshov, Sergej A. and Rudakov, Aleksei N.},
  Journal       = {Izv. R.. Akad. Nauk Ser. Mat.},
  Year          = {2004},
  Pages         = {117--150},
  Volume        = {68},
  Doi           = {10.1070/IM2004v068n04ABEH000497},
  Fjournal      = {R.i\u\i skaya Akademiya Nauk. Izvestiya. Seriya Matematicheskaya},
  ISSN          = {0373-2436},
  Url           = {\href{http://dx.doi.org/10.1070/IM2004v068n04ABEH000497}{\textsc{doi}: IM2004v068n04ABEH000497}}
}

@Article{grandis2006natural,
  Title         = {Natural weak factorization systems},
  Author        = {Grandis, M. and Tholen, W.},
  Journal       = {Arch. Math. (Brno)},
  Year          = {2006},
  Number        = {4},
  Pages         = {397--408},
  Volume        = {42},
  Fjournal      = {Universitatis Masarykianae Brunensis. Facultas Scientiarum
 Naturalium. Archivum Mathematicum},
  ISSN          = {0044-8753},
}

@article{wood1982abstract,
  title={Abstract pro arrows I},
  author={Wood, Richard J},
  journal={Cahiers de topologie et g{\'e}ometrie diff{\'e}rentielle categoriques},
  volume={23},
  number={3},
  pages={279--290},
  year={1982},
  publisher={Dunod {\'e}diteur, publi{\'e} avec le concours du CNRS}
}

@article{wood1985proarrows,
  title={{P}roarrows {II}},
  author={Wood, R.J.},
  journal={Cahiers de topologie et g{\'e}om{\'e}trie diff{\'e}rentielle cat{\'e}goriques},
  volume={26},
  number={2},
  pages={135--168},
  year={1985}
}

@article{rosebrugh1988proarrows,
  title={Proarrows and cofibrations},
  author={Rosebrugh, Robert and Wood, RJ},
  journal={Journal of Pure and Applied Algebra},
  volume={53},
  number={3},
  pages={271--296},
  year={1988},
  publisher={Elsevier}
}

@Article{Graya,
  Title         = {Closed categories, lax limits and homotopy limits},
  Author        = {Gray, John W.},
  Pages         = {127--158},
  Doi           = {10.1016/0022-4049(80)90098-5},
  Timestamp     = {2015.09.29},
  Url           = {\href{http://dx.doi.org/10.1016/0022-4049(80)90098-5}{\textsc{doi}: 0022-4049(80)90098-5}}
}

@Article{Gray1980,
  Title         = {Closed categories, lax limits and homotopy limits},
  Author        = {Gray, John W.},
  Journal       = {J. Pure Appl. Algebra},
  Year          = {1980},
  Pages         = {127--158},
  Volume        = {19},
  Doi           = {10.1016/0022-4049(80)90098-5},
  Fjournal      = {Journal of Pure and Applied Algebra},
  ISSN          = {0022-4049},
  Url           = {\href{http://dx.doi.org/10.1016/0022-4049(80)90098-5}{\textsc{doi}: 0022-4049(80)90098-5}}
}

@Book{Gray,
  Title         = {Formal category theory: adjointness for {$2$}-categories},
  Author        = {Gray, John W.},
  Publisher     = {Springer-Verlag},
  Year          = {1974},
  Address       = {Berlin},
  Note          = {Lecture Notes in Mathematics, Vol. 391},
  Pages         = {xii+282}
}

@misc{monads-derivators,
Author = {Ioannis Lagkas-Nikolos},
Title = {Levelwise modules over separable monads on stable derivators},
Year = {2016},
Eprint = {\arXivPreprint{1608.06340}},
}

@Article{groth2013derivators,
  Title         = {Derivators, pointed derivators and stable derivators},
  Author        = {Groth, M.},
  Journal       = {Algebraic \& Geometric Topology},
  Year          = {2013},
  Number        = {1},
  Pages         = {313--374},
  Volume        = {13},
  Publisher     = {Mathematical Sciences Publishers}
}

@Article{Gro,
  Title         = {A short course on $\infty$-categories},
  Author        = {Groth, M.},
  Journal       = {\arXivPreprint{1007.2925}},
  Year          = {2010},
  Pages         = {77},
}

@Article{artin1972sga,
  Title         = {Th{\'e}orie des topos (\textsc{sga} 4, expos{\'e}s \textsc{i}-\textsc{vi})},
  Author        = {Grothendieck, A. and Verdier, J.},
  Journal       = {Springer Lecture Notes in Mathematics},
  Year          = {1972},
  Pages         = {270},
  Volume        = {269}
}

@Article{han2014recollements,
  Title         = {Recollements and Hochschild theory},
  Author        = {Han, Y.},
  Journal       = {Journal of Algebra},
  Year          = {2014},
  Pages         = {535--547},
  Volume        = {397},
  Publisher     = {Elsevier}
}

@Misc{Han2014,
  Title         = {Reducing homological conjectures by $n$-recollements},
  Author        = {Han, Y. and Qin, Y.},
  Year          = {2014},
  Eprint        = {\arXivPreprint{1410.3223}},
}

@Misc{Han2014b,
  Title         = {Reducing homological conjectures by $n$-recollements},
  Author        = {Han, Y. and Qin, Y.},
  Year          = {2014},
  Eprint        = {\arXivPreprint{1410.3223}},
}

@Article{nrecol1,
  Title         = {Reducing homological conjectures by $n$-recollements},
  Author        = {Han, Y. and Qin, Y.},
  Journal       = {\arXivPreprint{1410.3223}},
  Year          = {2014},
  Pages         = {22}
}

@Book{Hap,
  Title         = {Triangulated categories in the representation theory of
 finite-dimensional algebras},
  Author        = {Happel, Dieter},
  Publisher     = {Cambridge University Press, Cambridge},
  Year          = {1988},
  Series        = {London Mathematical Society Lecture Note Series},
  Volume        = {119},
  Doi           = {10.1017/CBO9780511629228},
  ISBN          = {0-521-33922-7},
  Pages         = {x+208},
  Url           = {\href{http://dx.doi.org/10.1017/CBO9780511629228}{\textsc{doi}: CBO9780511629228}}
}

@Article{harvey1998algebras,
  Title         = {On the algebras of {BPS} states},
  Author        = {Harvey, J.A. and Moore, G.},
  Journal       = {Communications in Mathematical Physics},
  Year          = {1998},
  Number        = {3},
  Pages         = {489--519},
  Volume        = {197},
  Publisher     = {Springer}
}

@Article{shc,
  Title         = {Stable homotopy categories},
  Author        = {Heller, A.},
  Journal       = {Bull. Amer. Math. Soc.},
  Year          = {1968},
  Pages         = {28--63},
  Volume        = {74},
  Fjournal      = {Bulletin of the American Mathematical Society},
  ISSN          = {0002-9904},
}

@Book{hewitt1995georgian,
  Title         = {Georgian: A Structural Reference Grammar},
  Author        = {Hewitt, B.G.},
  Publisher     = {John Benjamins Publishing Company},
  Year          = {1995},
  Series        = {London Oriental and African language library},
  ISBN          = {9789027238023},
  Lccn          = {95043682},
  Url           = {https://books.google.it/books?id=MUBtUcqOF-AC}
}

@book{book:7403,
   title =     {Clifford algebras and spinors},
   author =    {Pertti Lounesto},
   publisher = {Cambridge University Press},
   isbn =      {0521005515,9780521005517},
   year =      {2001},
   series =    {London Mathematical Society lecture note series 286},
   edition =   {2nd ed},
   volume =    {},
   url =       {http://gen.lib.rus.ec/book/index.php?md5=27B205CDC325106519F7E9D573720A1E}}

@book{book:291887,
   title =     {A quantum groups primer},
   author =    {Shahn Majid},
   publisher = {CUP},
   isbn =      {9780521010412,0521010411},
   year =      {2002},
   series =    {},
   edition =   {},
   volume =    {},
   url =       {http://gen.lib.rus.ec/book/index.php?md5=399818D9D0DE405ECC372D2C0CC4A141}}

@book{book:4700,
   title =     {Quantum Groups},
   author =    {Christian Kassel (auth.)},
   publisher = {Springer-Verlag New York},
   isbn =      {0387943706,9783540943709,9780387943701,3540943706},
   year =      {1995},
   series =    {Graduate Texts in Mathematics 155},
   edition =   {1},
   volume =    {},
   url =       {http://gen.lib.rus.ec/book/index.php?md5=A14CD1882791BB76025DEB3A5B3AB82E}}

@book{book:664779,
   title =     {Modern Differential Geometry in Gauge Theories: Yang-Mills Fields, Volume II},
   author =    {Anastasios Mallios (auth.)},
   publisher = {Birkhäuser Basel},
   isbn =      {0817643796,9780817643799},
   year =      {2010},
   series =    {},
   edition =   {1},
   volume =    {},
   url =       {http://gen.lib.rus.ec/book/index.php?md5=F2D371D3C97D33D27F90CACF4908BA6B}}

@book{book:872886,
   title =     {Poisson structures},
   author =    {Camille Laurent-Gengoux, Anne Pichereau, Pol Vanhaecke (auth.)},
   publisher = {Springer-Verlag Berlin Heidelberg},
   isbn =      {9783642310904,3642310907},
   year =      {2013},
   series =    {Grundlehren der mathematischen Wissenschaften 347},
   edition =   {1},
   volume =    {},
   url =       {http://gen.lib.rus.ec/book/index.php?md5=561C34228D8AC9C2A9AF3838C1EE937C}}

@book{book:596494,
   title =     {Differential forms in algebraic topology},
   author =    {Bott R., Tu L.W.},
   publisher = {Springer},
   isbn =      {0387906134,9780387906133},
   year =      {1982},
   series =    {Graduate texts in mathematics 082},
   edition =   {},
   volume =    {},
   url =       {http://gen.lib.rus.ec/book/index.php?md5=7C1783EC4821D1AF5E7508B9D8312103}}

@book{book4272,
   title =     {A Course in Homological Algebra},
   author =    {P. J. Hilton, U. Stammbach (auth.)},
   publisher = {Springer New York},
   isbn =      {9780387900322,0-387-90032-2,0387900330},
   year =      {1971},
   series =    {Graduate Texts in Mathematics 4},
   edition =   {1},
   volume =    {},
   url =       {http://gen.lib.rus.ec/book/index.php?md5=4BC154430CC30653DF7A65AE2C4AB86B}}

@Book{hilton1965homotopy,
  Title         = {Homotopy theory and duality},
  Author        = {Hilton, P.J. and Schwartz, J.T.},
  Publisher     = {Gordon and Breach New York},
  Year          = {1965},
}

@InCollection{Hol,
  Title         = {Triangulated categories: definitions, properties, and
 examples},
  Author        = {Holm, T. and J{\o}rgensen, P.},
  Booktitle     = {Triangulated categories},
  Publisher     = {Cambridge Univ. Press, Cambridge},
  Year          = {2010},
  Pages         = {1--51},
  Series        = {London Math. Soc. Lecture Note Ser.},
  Volume        = {375},
  Doi           = {10.1017/CBO9781139107075.002},
  Url           = {\href{http://dx.doi.org/10.1017/CBO9781139107075.002}{\textsc{doi}: CBO9781139107075.002}}
}

@Book{Hov,
  Title         = {Model categories},
  Author        = {Hovey, M.},
  Publisher     = {American Mathematical Society, Providence, RI},
  Year          = {1999},
  Series        = {Mathematical Surveys and Monographs},
  Volume        = {63},
  ISBN          = {0-8218-1359-5},
  Pages         = {xii+209}
}

@Article{HPS,
  Title         = {Axiomatic stable homotopy theory},
  Author        = {Hovey, M. and Palmieri, John H. and Strickland, Neil P.},
  Journal       = {Mem. Amer. Math. Soc.},
  Year          = {1997},
  Number        = {610},
  Pages         = {x+114},
  Volume        = {128},
  Coden         = {MAMCAU},
  Doi           = {10.1090/memo/0610},
  Fjournal      = {Memoirs of the American Mathematical Society},
  ISSN          = {0065-9266},
  Url           = {\href{http://dx.doi.org/10.1090/memo/0610}{\textsc{doi}: 0610}}
}

@Misc{why-call-it-t,
  Title         = {What does the $t$ in $t$-category stand for?},
  Author        = {J. Humphreys},
  HowPublished  = {MathOverflow \href{http://mathoverflow.net/q/87623}{comment}},
  Note          = {URL:http://mathoverflow.net/q/87623 (version: 2012-02-05)},
  Eprint        = {http://mathoverflow.net/q/87623},
  Url           = {http://mathoverflow.net/q/87623}
}

@misc{camarena2013whirlwind,
  title={A whirlwind tour of the world of $(\infty,1)$-categories},
  author={Camarena, Omar Antol{\`i}n},
  year={2013}
}

@Article{Isaacson,
  Title         = {A note on unenriched homotopy coends},
  Author        = {Samuel B. Isaacson},
  Journal       = {Online preprint: \url{http://www-home.math.uwo.ca/~sisaacso/PDFs/coends.pdf}},
  Year          = {2009}
}

@Book{Isb,
  Title         = {Subobjects, adequacy, completeness and categories of algebras},
  Author        = {J.R. Isbell},
  Publisher     = {Instytut Matematyczny Polskiej Akademi Nauk},
  Year          = {1964},
  Keywords      = {general algebraic structures},
  Language      = {eng},
  Location      = {Warszawa},
  Url           = {http://eudml.org/doc/268641}
}

@Article{isbell1957some,
  Title         = {Some remarks concerning categories and subspaces},
  Author        = {Isbell, J.R.},
  Journal       = {Canad. J. Math.},
  Year          = {1957},
  Pages         = {563--577},
  Volume        = {9},
  Fjournal      = {Canadian Journal of Mathematics. Journal Canadien de
 Math\'ematiques},
  ISSN          = {0008-414X},
}

@Article{J.,
  Title         = {A simplicial approach to factorization systems and
 {K}urosh-{A}mitsur radicals},
  Author        = {J., G. and M{\'a}rki, L.},
  Number        = {12},
  Pages         = {2229--2237},
  Volume        = {213},
  Coden         = {JPAAA2},
  Doi           = {10.1016/j.jpaa.2009.04.017},
  Timestamp     = {2015.09.29},
  Url           = {\href{http://dx.doi.org/10.1016/j.jpaa.2009.04.017}{\textsc{doi}: j.jpaa.2009.04.017}}
}

@Article{JanelidzeMarkl,
  Title         = {A simplicial approach to factorization systems and {K}urosh-{A}mitsur radicals},
  Author        = {J., G. and M{\'a}rki, L.},
  Journal       = {Journal of Pure and Applied Algebra},
  Year          = {2009},
  Number        = {12},
  Pages         = {2229--2237},
  Volume        = {213},
  Coden         = {JPAAA2},
  Doi           = {10.1016/j.jpaa.2009.04.017},
  Timestamp     = {2015.09.29},
  Url           = {\href{http://dx.doi.org/10.1016/j.jpaa.2009.04.017}{\textsc{doi}: j.jpaa.2009.04.017}}
}

@Article{Jorgensen2015,
  Title         = {Classification of co-slicings and co-t-structures for the
 {K}ronecker algebra},
  Author        = {J{\o}rgensen, Peter and Pauksztello, David},
  Journal       = {J. Pure Appl. Algebra},
  Year          = {2015},
  Number        = {3},
  Pages         = {569--590},
  Volume        = {219},
  Doi           = {10.1016/j.jpaa.2014.05.015},
  Fjournal      = {Journal of Pure and Applied Algebra},
  ISSN          = {0022-4049},
  Url           = {\href{http://dx.doi.org/10.1016/j.jpaa.2014.05.015}{\textsc{doi}: j.jpaa.2014.05.015}}
}

@Article{Janelidze,
  Title         = {Functorial factorization, well-pointedness and separability},
  Author        = {Janelidze, G. and Tholen, W.},
  Pages         = {99--130},
  Volume        = {142},
  Doi           = {10.1016/S0022-4049(98)00095-4},
  Timestamp     = {2015.09.29},
  Url           = {\href{http://dx.doi.org/10.1016/S0022-4049(98)00095-4}{\textsc{doi}: S0022-4049(98)00095-4}}
}

@inproceedings{StreetCosmoi1974,
  Author = {Ross Street},
  Booktitle = {Proceedings Sydney Category Theory Seminar 1972/1973},
  Date-Added = {2015-12-30 13:21:10 +0000},
  Date-Modified = {2015-12-30 13:22:17 +0000},
  Doi = {10.1007/BFb0063096},
  Editor = {Gregory M. Kelly},
  Pages = {143-180},
  Publisher = {Springer},
  Series = {Lecture Notes in Mathematics},
  Title = {Elementary cosmoi I},
  Volume = {420},
  Year = {1974},
  Bdsk-Url-1 = {http://dx.doi.org/10.1007/BFb0063096}}

@inproceedings{StreetFibreYoneda1974,
  Author = {Ross Street},
  Booktitle = {Proceedings Sydney Category Theory Seminar 1972/1973},
  Date-Added = {2015-12-30 13:20:01 +0000},
  Date-Modified = {2015-12-30 13:20:59 +0000},
  Doi = {10.1007/BFb0063096},
  Editor = {Gregory M. Kelly},
  Pages = {104-133},
  Publisher = {Springer},
  Series = {Lecture Notes in Mathematics},
  Title = {Fibrations and Yoneda's lemma in a 2-category},
  Volume = {420},
  Year = {1974},
  Bdsk-Url-1 = {http://dx.doi.org/10.1007/BFb0063096}}


@InProceedings{janelidze2007characterization,
  Title         = {Characterization of torsion theories in general categories},
  Author        = {Janelidze, George and Tholen, Walter},
  Booktitle     = {Categories in Algebra, Geometry and Mathematical Physics: Conference and Workshop in Honor of Ross Street's 60th Birthday, July 11-16/July 18-21, 2005, Macquarie University, Sydney, Australia, Australian National University, Canberra, Australia},
  Year          = {2007},
  Organization  = {American Mathematical Soc.},
  Pages         = {249},
  Volume        = {431}
}

@Article{Janelidze1999,
  Title         = {Functorial factorization, well-pointedness and separability},
  Author        = {Janelidze, G. and Tholen, W.},
  Journal       = {J. Pure Appl. Algebra},
  Year          = {1999},
  Number        = {2},
  Pages         = {99--130},
  Volume        = {142},
  Coden         = {JPAAA2},
  Doi           = {10.1016/S0022-4049(98)00095-4},
  Fjournal      = {Journal of Pure and Applied Algebra},
  ISSN          = {0022-4049},
  Url           = {\href{http://dx.doi.org/10.1016/S0022-4049(98)00095-4}{\textsc{doi}: S0022-4049(98)00095-4}}
}

@Article{jans1965,
  Title         = {Some aspects of torsion.},
  Author        = {Jans, J.P.},
  Journal       = {Pacific J. Math.},
  Year          = {1965},
  Number        = {4},
  Pages         = {1249--1259},
  Volume        = {15},
  Fjournal      = {Pacific Journal of Mathematics},
  Publisher     = {Pacific Journal of Mathematics, A Non-profit Corporation},
  Url           = {http://projecteuclid.org/euclid.pjm/1102995279}
}

@Book{Jor1960,
  Title         = {El hacedor},
  Author        = {Jor},
  Editor        = {Eme},
  Publisher     = {Penguin Random House Grupo Editorial Espa{\~n}a},
  Year          = {1960},
  ISBN          = {9788499897752},
  Timestamp     = {2015.09.29},
  Url           = {http://books.google.it/books?id=lJh5lZSSbKEC}
}

@Misc{Jorgensen2012,
  Title         = {Classification of co-slicings and co-t-structures for the Kronecker algebra},
  Author        = {Jorgensen, P. and Pauksztello, D.},
  Year          = {2012},
  Eprint        = {\arXivPreprint{1212.2883}},
}

@Misc{Joyalcatlab,
  Title         = {Factorization Sytems},
  Author        = {Joyal, A.},
  HowPublished  = {\href{https://ncatlab.org/joyalscatlab/published/Factorisation+systems}{online version}},
  Note          = {revised on \textsc{Jan} 16, 2013 00:06:47 by Tom Hirschowitz}
}

@InProceedings{Joy,
  title={The theory of quasi-categories and its applications},
  author={Joyal, A.},
  year={2008},
  publisher={Citeseer}
}

@Article{Joyal2002,
  Title         = {Quasi-categories and {K}an complexes},
  Author        = {Joyal, A.},
  Journal       = {J. Pure Appl. Algebra},
  Year          = {2002},
  Note          = {Special volume celebrating the 70th birthday of Professor Max
 Kelly},
  Number        = {1-3},
  Pages         = {207--222},
  Volume        = {175},
  Coden         = {JPAAA2},
  Doi           = {10.1016/S0022-4049(02)00135-4},
  Fjournal      = {Journal of Pure and Applied Algebra},
  ISSN          = {0022-4049},
  Url           = {\href{http://dx.doi.org/10.1016/S0022-4049(02)00135-4}{\textsc{doi}: S0022-4049(02)00135-4}}
}

@Article{joyal2002quasi,
  Title         = {Quasi-categories and {K}an complexes},
  Author        = {Joyal, Andr{\'e}},
  Journal       = {Journal of Pure and Applied Algebra},
  Year          = {2002},
  Number        = {1},
  Pages         = {207--222},
  Volume        = {175},
  Publisher     = {Elsevier},
}

@InCollection{Joyal1986,
  Title         = {Foncteurs analytiques et esp\`eces de structures},
  Author        = {Joyal, A.},
  Booktitle     = {Combinatoire \'enum\'erative ({M}ontreal, {Q}ue., 1985/{Q}uebec, {Q}ue., 1985)},
  Publisher     = {Springer, Berlin},
  Year          = {1986},
  Pages         = {126--159},
  Series        = {Lecture Notes in Math.},
  Volume        = {1234},
  Doi           = {10.1007/BFb0072514},
  Url           = {\href{http://dx.doi.org/10.1007/BFb0072514}{\textsc{doi}: BFb0072514}}
}

@InCollection{JoyS,
  Title         = {Quasi-categories vs {S}egal spaces},
  Author        = {Joyal, Andr{\'e} and Tierney, Myles},
  Booktitle     = {Categories in algebra, geometry and mathematical physics},
  Publisher     = {Amer. Math. Soc., Providence, RI},
  Year          = {2007},
  Pages         = {277--326},
  Series        = {Contemp. Math.},
  Volume        = {431},
  Doi           = {10.1090/conm/431/08278},
  Url           = {\href{http://dx.doi.org/10.1090/conm/431/08278}{\textsc{doi}: 08278}}
}

@Article{kan1958functors,
  Title         = {Functors involving css complexes},
  Author        = {Kan, Daniel M},
  Journal       = {Transactions of the American Mathematical Society},
  Year          = {1958},
  Number        = {2},
  Pages         = {330--346},
  Volume        = {87},
  Publisher     = {JSTOR}
}

@Article{kan1956abstract,
  Title         = {Abstract homotopy. {II}},
  Author        = {Kan, Daniel M},
  Journal       = {Proceedings of the National Academy of Sciences of the United States of America},
  Year          = {1956},
  Number        = {5},
  Pages         = {255},
  Volume        = {42},
  Publisher     = {National Academy of Sciences},
}

@Article{kan1955abstract,
  Title         = {Abstract homotopy},
  Author        = {Kan, Daniel M},
  Journal       = {Proceedings of the National Academy of Sciences of the United States of America},
  Year          = {1955},
  Number        = {12},
  Pages         = {1092},
  Volume        = {41},
  Publisher     = {National Academy of Sciences},
}

@Book{Kashiwara,
  Title         = {Sheaves on manifolds},
  Author        = {Kashiwara, M. and Schapira, P.},
  Publisher     = {Springer-Verlag},
  Address       = {Berlin},
  Number        = {292},
  Series        = {Grundlehren der Mathematischen Wissenschaften},
  ISBN          = {3-540-51861-4},
  Pagetotal     = {x+512},
}

@Book{KS2,
  Title         = {Categories and sheaves},
  Author        = {Kashiwara, Masaki and Schapira, Pierre},
  Publisher     = {Springer-Verlag, Berlin},
  Year          = {2006},
  Series        = {Grundlehren der Mathematischen Wissenschaften [Fundamental
 Principles of Mathematical Sciences]},
  Volume        = {332},
  Doi           = {10.1007/3-540-27950-4},
  ISBN          = {978-3-540-27949-5; 3-540-27949-0},
  Pages         = {x+497},
  Url           = {\href{http://dx.doi.org/10.1007/3-540-27950-4}{\textsc{doi}: 3-540-27950-4}}
}

@Article{KVaisles,
  Title         = {Aisles in derived categories},
  Author        = {Keller, B. and Vossieck, D.},
  Journal       = {Bull. Soc. Math. Belg. S\'er. A},
  Year          = {1988},
  Note          = {Deuxi\`eme Contact Franco-Belge en Alg\`ebre
 (Faulx-les-Tombes, 1987)},
  Number        = {2},
  Pages         = {239--253},
  Volume        = {40},
  Coden         = {BMBEAC},
  Fjournal      = {Bulletin de la Soci\'et\'e Math\'ematique de Belgique. S\'erie
 A},
  ISSN          = {0037-9476},
}

@Article{Kelly2005a,
  Title         = {On the operads of {J}. {P}. {M}ay},
  Author        = {Kelly, {G}. {M}ax},
  Journal       = {Repr. Theory Appl. Categ.},
  Year          = {2005},
  Number        = {13},
  Pages         = {1--13},
  Fjournal      = {Reprints in Theory and Applications of Categories},
}

@article {MR0470024,
    AUTHOR = {Day, B. J.},
     TITLE = {Note on compact closed categories},
   JOURNAL = {J. Austral. Math. Soc. Ser. A},
    VOLUME = {24},
      YEAR = {1977},
    NUMBER = {3},
     PAGES = {309--311},
}

@Article{2catlimits,
  Title         = {Elementary observations on 2-categorical limits},
  Author        = {Kelly, {G}. {M}ax},
  Journal       = {Bulletin of the Australian Mathematical Society},
  Year          = {1989},
  Pages         = {301-317},
  Volume        = {39}
}

@Book{kelly1982basic,
  Title         = {Basic concepts of enriched category theory},
  Author        = {Kelly, {G}. {M}ax},
  Publisher     = {CUP Archive},
  Year          = {1982},
  Number        = {64}
}

@Article{kelly1980unified,
  Title         = {A unified treatment of transfinite constructions for free algebras, free monoids, colimits, associated sheaves, and so on},
  Author        = {Kelly, {G}. {M}ax},
  Journal       = {Bulletin of the Australian Mathematical Society},
  Year          = {1980},
  Number        = {01},
  Pages         = {1--83},
  Volume        = {22},
  Publisher     = {Cambridge Univ Press}
}

@InProceedings{kelly1974review,
  Title         = {Review of the elements of 2-categories},
  Author        = {Kelly, Gregory M. and Street, R.},
  Booktitle     = {Category seminar},
  Year          = {1974},
  Organization  = {Springer},
  Pages         = {75--103}
}

@Book{Kiehl2001a,
  Title         = {Weil conjectures, perverse sheaves and $\ell$-adic Fourier transform},
  Author        = {Kiehl, R. and Weissauer, R.},
  Year          = {2001},
  Volume        = {42},
}

@Book{kiehl2001weil,
  Title         = {Weil conjectures, perverse sheaves and {$\ell$}-adic {F}ourier
 transform},
  Author        = {Kiehl, R. and Weissauer, R.},
  Publisher     = {Springer-Verlag, Berlin},
  Year          = {2001},
  Series        = {Ergebnisse der Mathematik und ihrer Grenzgebiete. 3. Folge. A
 Series of Modern Surveys in Mathematics.},
  Volume        = {\textbf{42}},
  Doi           = {10.1007/978-3-662-04576-3},
  ISBN          = {3-540-41457-6},
  Pages         = {xii+375},
  Url           = {\href{http://dx.doi.org/10.1007/978-3-662-04576-3}{\textsc{doi}: 978-3-662-04576-3}}
}

@Article{Koe,
  Title         = {Silting objects, simple-minded collections, {$t$}-structures
 and co-{$t$}-structures for finite-dimensional algebras},
  Author        = {Koenig, Steffen and Yang, Dong},
  Journal       = {Doc. Math.},
  Year          = {2014},
  Pages         = {403--438},
  Volume        = {19},
  Fjournal      = {Documenta Mathematica},
  ISSN          = {1431-0635},
}

@Article{Korostenski199357,
  Title         = {Factorization systems as {E}ilenberg-{M}oore algebras},
  Author        = {Korostenski, M. and Tholen, W.},
  Journal       = {J. Pure Appl. Algebra},
  Year          = {1993},
  Number        = {1},
  Pages         = {57--72},
  Volume        = {85},
  Coden         = {JPAAA2},
  Doi           = {10.1016/0022-4049(93)90171-O},
  Fjournal      = {Journal of Pure and Applied Algebra},
  ISSN          = {0022-4049},
  Url           = {\href{http://dx.doi.org/10.1016/0022-4049(93)90171-O}{\textsc{doi}: 0022-4049(93)90171-O}}
}

@Article{Kuz,
  Title         = {Base change for semiorthogonal decompositions},
  Author        = {Kuznetsov, A.},
  Journal       = {Compos. Math.},
  Year          = {2011},
  Number        = {3},
  Pages         = {852--876},
  Volume        = {147},
  Doi           = {10.1112/S0010437X10005166},
  Fjournal      = {Compositio Mathematica},
  ISSN          = {0010-437X},
  Url           = {\href{http://dx.doi.org/10.1112/S0010437X10005166}{\textsc{doi}: S0010437X10005166}}
}

@InProceedings{LawvereFW:metsgl,
  Title         = {Metric Spaces, Generalised Logic, and Closed Categories},
  Author        = {Lawvere, Bill},
  Booktitle     = {Rendiconti del Seminario Matematico e Fisico di Milano},
  Year          = {1973},
  Publisher     = {Tipografia Fusi, Pavia},
  Volume        = {43}
}

@Article{Libland2015,
  Title         = {The stack of higher internal categories and stacks of iterated spans},
  Author        = {David Li-Bland},
  Journal       = {\arXivPreprint{1506.08870}},
  Year          = {2015}
}

@InCollection{Loday,
  Title         = {Algebraic Operads},
  Author        = {Loday, Jean-Louis and Vallette, Bruno},
  Booktitle     = {Algebraic Operads},
  Pages         = {119--192},
}

@InCollection{Lodaya,
  Title         = {Algebraic operad},
  Author        = {Loday, Jean-Louis and Vallette, Bruno},
  Booktitle     = {Algebraic Operads},
  Pages         = {119--192},
}

@Book{loday2012algebraic,
  Title         = {Algebraic operads},
  Author        = {Loday, Jean-Louis and Vallette, Bruno},
  Publisher     = {Springer, Heidelberg},
  Year          = {2012},
  Series        = {Grundlehren der Mathematischen Wissenschaften [Fundamental
 Principles of Mathematical Sciences]},
  Volume        = {346},
  Doi           = {10.1007/978-3-642-30362-3},
  ISBN          = {978-3-642-30361-6},
  Pages         = {xxiv+634},
  Url           = {\href{http://dx.doi.org/10.1007/978-3-642-30362-3}{\textsc{doi}: 978-3-642-30362-3}}
}

@Article{cofriend,
  Title         = {This is the (co)end, my only (co)friend},
  Author        = {Loregian, Fosco},
  Journal       = {\arXivPreprint{1501.02503}},
  Year          = {2015},
  Primaryclass  = {math.CT}
}

@Misc{infty.fubini,
  Title         = {Infinite Fubini rule for co/limits},
  Author        = {Fosco Loregiàn},
  HowPublished  = {MathOverflow},
  Note          = {Mathoverflow \href{http://mathoverflow.net/q/186038}{comment}},
  Eprint        = {http://mathoverflow.net/q/186038},
  Url           = {http://mathoverflow.net/q/186038}
}

@PhdThesis{tstructures,
  Title         = {$t$-structures in stable $(\infty,1)$-categories},
  Author        = {Loregiàn, F.},
  School        = {\textsc{sissa}},
  Year          = {2016},
  Note          = {\href{web archive:1963/35202}{http://urania.sissa.it/xmlui/handle/1963/35202}},
  Institution   = {\textsc{sissa}}
}

@Article{tderiv,
  Title                    = {Factorization systems on (stable) derivators},
  Author                   = {Loregian, F. and Virili, S.},
  Year                     = {2017},
  Journal                  = {\arXivPreprint{1705.08565}}
}

@Misc{Low2014b,
  Title         = {Notes on homotopical algebra -- \href{online version}{http://zll22.user.srcf.net/writing/homotopical-algebra/2014-05-26-Main.pdf}},
  Author        = {Low, Z.L.},
  Year          = {2014},
}

@Misc{Low2014c,
  Title         = {Notes on homotopical algebra -- \href{online version}{http://zll22.user.srcf.net/writing/homotopical-algebra/2014-05-26-Main.pdf}},
  Author        = {Low, Z.L.},
  Year          = {2014},
}

@Misc{Low2015,
  Title         = {Notes on homotopical algebra -- \href{online version}{http://zll22.user.srcf.net/writing/homotopical-algebra/2015-09-19-Main.pdf}},
  Author        = {Low, Z.L.},
  Year          = {2014},
}

@Misc{Lucyshyn-Wright,
  Title         = {Enriched factorization systems},
  Author        = {R.B. B. Lucyshyn-Wright},
  Eprint        = {\arXivPreprint{1401.0315}},
}

@Article{enrichFS,
  Title         = {Enriched factorization systems},
  Author        = {Lucyshyn-Wright, Rory B.B.},
  Journal       = {Theory Appl. Categ.},
  Year          = {2014},
  Pages         = {No. 18, 475--495},
  Volume        = {29},
  Fjournal      = {Theory and Applications of Categories},
  ISSN          = {1201-561X},
}

@Misc{LurieHA,
  Title         = {Higher Algebra},
  Author        = {Lurie, J.},
  Year          = {online version May 18, 2011.},
  Url           = {http://www.math.harvard.edu/~lurie/papers/higheralgebra.pdf}
}

@Misc{LurieSAG,
  Title         = {Spectral Algebraic Geometry},
  Author        = {Lurie, J.},
  Year          = {online version February 5, 2016},
  Url           = {\url{http://www.math.harvard.edu/~lurie/papers/SAG-rootfile.pdf}}
}

@Book{HTT,
  Title         = {Higher {T}opos {T}heory},
  Author        = {Lurie, J.},
  Publisher     = {Princeton University Press, Princeton, NJ},
  Year          = {2009},
  Series        = {Annals of Mathematics Studies},
  Volume        = {170},
  Doi           = {10.1515/9781400830558},
  ISBN          = {978-0-691-14049-0; 0-691-14049-9},
  Pages         = {xviii+925},
  Url           = {\href{http://dx.doi.org/10.1515/9781400830558}{\textsc{doi}: 9781400830558}}
}

@article{belnap,
  title={Under {C}arnap’s lamp: Flat pre-semantics},
  author={Belnap, Nuel},
  journal={Studia Logica},
  volume={80},
  number={1},
  pages={1--28},
  year={2005},
  publisher={Springer}
}

@Book{McL,
  Title         = {Categories for the working mathematician},
  Author        = {Mac Lane, S.},
  Publisher     = {Springer-Verlag, New York},
  Year          = {1998},
  Edition       = {Second},
  Series        = {Graduate Texts in Mathematics},
  Volume        = {5},
  ISBN          = {0-387-98403-8},
  Pages         = {xii+314}
}

@InCollection{mac1970milgram,
  Title         = {The {M}ilgram bar construction as a tensor product of
 functors},
  Author        = {Mac Lane, S.},
  Booktitle     = {The {S}teenrod {A}lgebra and its {A}pplications ({P}roc.
 {C}onf. to {C}elebrate {N}. {E}. {S}teenrod's {S}ixtieth
 {B}irthday, {B}attelle {M}emorial {I}nst., {C}olumbus,
 {O}hio,1970) },
  Publisher     = {Springer, Berlin},
  Year          = {1970},
  Pages         = {135--152},
  Series        = {Lecture Notes in Mathematics, Vol. 168},
}

@Article{maclane1948groups,
  Title         = {Groups, categories and duality},
  Author        = {Mac Lane, S.},
  Journal       = {Proc. Nat. Acad. Sci. U.S. A.},
  Year          = {1948},
  Pages         = {263--267},
  Volume        = {34},
  Fjournal      = {Proceedings of the National Academy of Sciences of the United
 States of America},
  ISSN          = {0027-8424},
}

@article{dell2012unitary,
  title={The unitary symmetric monoidal model category of small $C^*$-categories},
  author={Dell'Ambrogio, I. and others},
  journal={Homology, Homotopy and Applications},
  volume={14},
  number={2},
  pages={101--127},
  year={2012},
  publisher={International Press of Boston}
}

@Book{mac1992sheaves,
  Title         = {Sheaves in geometry and logic: A first introduction to topos theory},
  Author        = {Mac Lane, S. and Moerdijk, I.},
  Publisher     = {Springer},
  Year          = {1992}
}

@article{Claudi-2006,
doi = {10.1016/j.jalgebra.2006.06.013},
title = {A classification of geometric morphisms and localizations for presheaf categories and algebraic categories},
author  = {Claudia Centazzo; Enrico M. Vitale},
publisher = {Elsevier Science},
journal = {Journal of Algebra},
issnp = {0021-8693},
issne = {1090-266X},
year  = {2006},
volume  = {303},
issue = {1},
page  = {77--96},
url =       {http://gen.lib.rus.ec/scimag/index.php?s=10.1016/j.jalgebra.2006.06.013},
}

@Article{dendroids,
  Title         = {{$C^*$}-algebraic drawings of dendroidal sets},
  Author        = {Mahanta, S.},
  Journal       = {\arXivPreprint{1501.05799}},
  Year          = {2015}
}

@Article{Mahant2015,
  Title         = {$C^*$-algebraic drawings of dendroidal sets},
  Author        = {Snigdhayan Mahanta},
  Year          = {2015},
  Eprint        = {\arXivPreprint{1501.05799}},
}

@Article{Mal,
  Title         = {Le th\'eor\`eme de {Q}uillen, d'adjonction des foncteurs d\'eriv\'es, revisit\'e},
  Author        = {Maltsiniotis, G.},
  Journal       = {C.R. Math. Acad. Sci. Paris},
  Year          = {2007},
  Number        = {9},
  Pages         = {549--552},
  Volume        = {344},
  Doi           = {10.1016/j.crma.2007.03.011},
  Fjournal      = {Comptes Rendus Math\'ematique. Acad\'emie des Sciences. Paris},
  ISSN          = {1631-073X},
  Url           = {\href{http://dx.doi.org/10.1016/j.crma.2007.03.011}{\textsc{doi}: j.crma.2007.03.011}}
}

@Article{maltsiniotis2007k,
  Title         = {La {K}-theorie d'un derivateur triangulé.},
  Author        = {Maltsiniotis, G. and Keller, B.},
  Journal       = {Contemporary Mathematics},
  Year          = {2007},
  Pages         = {341},
  Volume        = {431},
  Publisher     = {Providence, RI; American Mathematical Society; 1999}
}

@Book{markl2007operads,
  Title         = {Operads in algebra, topology and physics},
  Author        = {Markl, M. and Shnider, S. and Stasheff, J.},
  Publisher     = {American Mathematical Society, Providence, RI},
  Year          = {2002},
  Series        = {Mathematical Surveys and Monographs},
  Volume        = {96},
  ISBN          = {0-8218-2134-2},
  Pages         = {x+349}
}

@Article{martin1,
  Title         = {Towers of recollement and bases for diagram algebras: planar diagrams and a little beyond},
  Author        = {Paul Martin and R M Green and Alison Parker},
  Journal       = {\arXivPreprint{math/0610971}},
  Year          = {2006}
}

@Misc{Martin2006,
  Title         = {Towers of recollement and bases for diagram algebras: planar diagrams and a little beyond},
  Author        = {Paul Martin and R M Green and Alison Parker},
  Year          = {2006},
  Eprint        = {\arXivPreprint{math/0610971}},
}

@Misc{Martin2006a,
  Title         = {Towers of recollement and bases for diagram algebras: planar diagrams and a little beyond},
  Author        = {Paul Martin and R M Green and Alison Parker},
  Year          = {2006},
  Eprint        = {\arXivPreprint{math/0610971}},
}

@Book{may1972geometry,
  Title         = {The geometry of iterated loop spaces},
  Author        = {May, J.P.},
  Publisher     = {Springer-Verlag, Berlin-New York},
  Year          = {1972},
  Note          = {Lectures Notes in Mathematics, Vol. 271},
  Pages         = {viii+175}
}

@Article{Aaron,
  Title         = {Model $\infty$-categories {I}: some pleasant properties of the $\infty$-category of simplicial spaces},
  Author        = {Mazel-Gee, A.},
  Journal       = {\arXivPreprint{1412.8411v2}},
  Year          = {2014},
  Pages         = {66}
}

@Book{Moe,
  Title         = {Classifying spaces and classifying topoi},
  Author        = {Moerdijk, I.},
  Publisher     = {Springer-Verlag, Berlin},
  Year          = {1995},
  Series        = {Lecture Notes in Mathematics},
  Volume        = {1616},
  ISBN          = {3-540-60319-0},
  Pages         = {vi+94}
}

@Article{mukai1981,
  Title         = {Duality between {$D(X)$} and {$D(\hat X)$} with its
 application to {P}icard sheaves},
  Author        = {Mukai, S.},
  Journal       = {Nagoya Math. J.},
  Year          = {1981},
  Pages         = {153--175},
  Volume        = {81},
  Coden         = {NGMJA2},
  Fjournal      = {Nagoya Mathematical Journal},
  ISSN          = {0027-7630},
  Url           = {http://projecteuclid.org/euclid.nmj/1118786312}
}

@Article{Mukai1981a,
  Title         = {Duality between $D(X)$ and $D(\hat X)$ with its application to Picard sheaves},
  Author        = {Mukai, Shigeru},
  Journal       = {Nagoya Math. J.},
  Year          = {1981},
  Pages         = {153--175},
  Volume        = {81},
  Fjournal      = {Nagoya Mathematical Journal},
  Publisher     = {Duke University Press},
  Timestamp     = {2015.09.29},
  Url           = {http://projecteuclid.org/euclid.nmj/1118786312}
}

@Article{FMS,
  Title         = {Triangulated categories without models},
  Author        = {Muro, F. and Schwede, S. and Strickland, N.},
  Journal       = {Invent. Math.},
  Year          = {2007},
  Number        = {2},
  Pages         = {231--241},
  Volume        = {170},
  Coden         = {INVMBH},
  Doi           = {10.1007/s00222-007-0061-2},
  Fjournal      = {Inventiones Mathematicae},
  ISSN          = {0020-9910},
  Url           = {\href{http://dx.doi.org/10.1007/s00222-007-0061-2}{\textsc{doi}: s00222-007-0061-2}}
}

@Book{Nee,
  Title         = {Triangulated categories},
  Author        = {Neeman, A.},
  Publisher     = {Princeton University Press},
  Year          = {2001},
  Series        = {Ann. of Math. Studies},
  Volume        = {148},
  Reviewer      = {Fr\'ed\'eric Patras (Nice)}
}

@Article{Neeman1991221,
  Title         = {Some new axioms for triangulated categories},
  Author        = {Neeman, A.},
  Journal       = {Journal of Algebra},
  Year          = {1991},
  Number        = {1},
  Pages         = {221 - 255},
  Volume        = {139},
  Doi           = {http://dx.doi.org/10.1016/0021-8693(91)90292-G},
  ISSN          = {0021-8693},
  Url           = {http://www.sciencedirect.com/science/article/pii/002186939190292G}
}

@Misc{Nicolas2008,
  Title         = {On torsion torsionfree triples},
  Author        = {Nicolas, P.},
  Year          = {2008},
  Eprint        = {\arXivPreprint{0801.0507}},
}

@Misc{ttftriples,
  Title         = {On torsion torsionfree triples},
  Author        = {Nicolas, P.},
  Year          = {2008},
  Journal       = {\arXivPreprint{0801.0507}},
  Pages         = {184}
}

@Article{Orlov2003,
  Title         = {Derived categories of coherent sheaves and equivalences between them},
  Author        = {Orlov, D.O.},
  Journal       = {Uspekhi Mat. Nauk},
  Year          = {2003},
  Number        = {3(351)},
  Pages         = {89--172},
  Volume        = {58},
  Doi           = {10.1070/RM2003v058n03ABEH000629},
  Fjournal      = {R.i\u\i skaya Akademiya Nauk. Moskovskoe Matematicheskoe
 Obshchestvo. Uspekhi Matematicheskikh Nauk},
  ISSN          = {0042-1316},
  Url           = {\href{http://dx.doi.org/10.1070/RM2003v058n03ABEH000629}{\textsc{doi}: RM2003v058n03ABEH000629}}
}

@Article{parshall1988derived,
  Title         = {Derived categories, quasi-hereditary algebras, and algebraic groups},
  Author        = {Parshall, B. and Scott, L.},
  Journal       = {Carlton University Mathematical notes},
  Year          = {1988},
  Pages         = {1--104},
  Volume        = {3}
}

@Book{pflaum2001analytic,
  Title         = {Analytic and geometric study of stratified spaces},
  Author        = {Pflaum, M.J.},
  Publisher     = {Springer Berlin Heidelberg},
  Year          = {2001},
  Series        = {Lecture Notes in Mathematics 1768},
  Volume        = {1768}
}

@Article{pultr2002free,
  Title         = {{F}ree {Q}uillen {F}actorization {S}ystems},
  Author        = {Pultr, Ale{\v{s}} and Tholen, Walter},
  Journal       = {Georgian Mathematical Journal},
  Year          = {2002},
  Number        = {4},
  Pages         = {807--820},
  Volume        = {9}
}

@Article{nrecol2,
  Title         = {{J}ordan-{H}\"older theorems for derived categories of derived discrete algebras},
  Author        = {Qin, Y.},
  Journal       = {\arXivPreprint{1506.08266}},
  Year          = {2015},
  Pages         = {18}
}

@Misc{Qin2015,
  Title         = {{J}ordan-{H}\"older theorems for derived categories of derived discrete algebras},
  Author        = {Yongyun Qin},
  Year          = {2015},
  Eprint        = {\arXivPreprint{1506.08266}},
}

@Misc{Qin2015a,
  Title         = {{J}ordan-{H}\"older theorems for derived categories of derived discrete algebras},
  Author        = {Yongyun Qin},
  Year          = {2015},
  Eprint        = {\arXivPreprint{1506.08266}},
}

@Book{Qui,
  Title         = {Homotopical algebra},
  Author        = {Quillen, D.G.},
  Publisher     = {Springer-Verlag, Berlin-New York},
  Year          = {1967},
  Series        = {Lecture Notes in Mathematics, No. 43},
  Pages         = {iv+156 pp. (not consecutively paged)}
}

@Article{rezk2001model,
  Title         = {A model for the homotopy theory of homotopy theory},
  Author        = {Rezk, Charles},
  Journal       = {Trans. Amer. Math. Soc.},
  Year          = {2001},
  Number        = {3},
  Pages         = {973--1007 (electronic)},
  Volume        = {353},
  Coden         = {TAMTAM},
  Doi           = {10.1090/S0002-9947-00-02653-2},
  Fjournal      = {Transactions of the American Mathematical Society},
  ISSN          = {0002-9947},
  Url           = {\href{http://dx.doi.org/10.1090/S0002-9947-00-02653-2}{\textsc{doi}: S0002-9947-00-02653-2}}
}

@Book{Riehl2014,
  Title         = {Categorical {H}omotopy {T}heory},
  Author        = {Riehl, E.},
  Publisher     = {Cambridge University Press},
  Year          = {2014},
  Volume        = {24},
}

@Book{riehl2014categorical,
  Title         = {Categorical homotopy theory},
  Author        = {Riehl, E.},
  Publisher     = {Cambridge University Press, Cambridge},
  Year          = {2014},
  Series        = {New Mathematical Monographs},
  Volume        = {24},
  Doi           = {10.1017/CBO9781107261457},
  ISBN          = {978-1-107-04845-4},
  Pages         = {xviii+352},
  Url           = {\href{http://dx.doi.org/10.1017/CBO9781107261457}{\textsc{doi}: CBO9781107261457}}
}

@Article{riehl2011algebraic,
  Title         = {Algebraic model structures},
  Author        = {Riehl, E.},
  Journal       = {New York J. Math.},
  Year          = {2011},
  Pages         = {173--231},
  Volume        = {17},
  Fjournal      = {New York Journal of Mathematics},
  ISSN          = {1076-9803},
  Url           = {http://nyjm.albany.edu:8000/j/2011/17_173.html}
}

@Misc{Riehl2008,
  Title         = {Factorization systems},
  Author        = {Riehl, E.},
  Year          = {2008},
  Journal       = {Notes from a talk},
}

@Misc{Riehl2008a,
  Title         = {Factorization systems},
  Author        = {Riehl, E.},
  Year          = {2008},
  Journal       = {Notes from a talk},
}

@Misc{Riehl2015b,
  Title         = {Kan extensions and the calculus of modules for $\infty$-categories},
  Author        = {Riehl, E. and Verity, D.},
  Year          = {2015},
  Journal       = {\arXivPreprint{1507.01460}},
}

@Misc{Riehl2015c,
  Title         = {Kan extensions and the calculus of modules for $\infty$-categories},
  Author        = {Riehl, E. and Verity, D.},
  Year          = {2015},
  Journal       = {\arXivPreprint{1507.01460}},
}

@Article{riehlverity-1,
  Title         = {The 2-category theory of quasi-categories},
  Author        = {Riehl, E. and Verity, D.},
  Journal       = {Advances in Mathematics},
  Year          = {2015},
  Pages         = {549--642},
  Volume        = {280},
  Publisher     = {Elsevier}
}

@Article{riehlverity-4,
  Title         = {Fibrations and Yoneda lemma in an $\infty$-cosmos},
  Author        = {Riehl, E. and Verity, D.},
  Journal       = {\arXivPreprint{1506.05500}},
  Year          = {2015}
}

@Article{emilyreedy,
  Title         = {The theory and practice of {R}eedy categories},
  Author        = {Riehl, E. and Verity, D.},
  Journal       = {Theory Appl. Categ.},
  Year          = {2014},
  Pages         = {256--301},
  Volume        = {29},
  Fjournal      = {Theory and Applications of Categories},
  ISSN          = {1201-561X},
}

@Article{riehlverity-3,
  Title         = {Completeness results for quasi-categories of algebras, homotopy limits, and related general constructions},
  Author        = {Riehl, E. and Verity, D.},
  Journal       = {\arXivPreprint{1401.6247}},
  Year          = {2014}
}

@Article{riehlverity-2,
  Title         = {Homotopy coherent adjunctions and the formal theory of monads},
  Author        = {Riehl, E. and Verity, D.},
  Journal       = {\arXivPreprint{1310.8279}},
  Year          = {2013}
}

@PhdThesis{Robalo,
  Title         = {Théorie homotopique motivique des espaces noncommutatifs},
  Author        = {Marco Robalo},
  School        = {Institut de Mathématiques et de Modélisation de Montpellier},
  Year          = {2014}
}

@Article{RT,
  Title         = {Factorization, fibration and torsion},
  Author        = {Rosick{\'y}, J. and Tholen, W.},
  Journal       = {J. Homotopy Relat. Struct.},
  Year          = {2007},
  Number        = {2},
  Pages         = {295--314},
  Volume        = {2},
  Fjournal      = {Journal of Homotopy and Related Structures},
}

@Book{roth1976deutsches,
  Title         = {Deutsches {T}heatrum {C}hemicum},
  Author        = {Roth-Scholtz, F.},
  Publisher     = {G. Olms},
  Year          = {1976},
  Volume        = {2}
}

@Article{Rud,
  Title         = {Stability for an abelian category},
  Author        = {Rudakov, A.},
  Journal       = {J. Algebra},
  Year          = {1997},
  Number        = {1},
  Pages         = {231--245},
  Volume        = {197},
  Coden         = {JALGA4},
  Doi           = {10.1006/jabr.1997.7093},
  Fjournal      = {Journal of Algebra},
  ISSN          = {0021-8693},
  Url           = {\href{http://dx.doi.org/10.1006/jabr.1997.7093}{\textsc{doi}: jabr.1997.7093}}
}

@article{segal1974a,
    AUTHOR = {Segal, Graeme},
     TITLE = {Categories and cohomology theories},
   JOURNAL = {Topology},
  FJOURNAL = {Topology. An International Journal of Mathematics},
    VOLUME = {13},
      YEAR = {1974},
     PAGES = {293--312},
      ISSN = {0040-9383},
}


@article {MR1080880,
    AUTHOR = {Cordier, J.-M. and Porter, T.},
     TITLE = {Fibrant diagrams, rectifications and a construction of
              {L}oday},
   JOURNAL = {J. Pure Appl. Algebra},
  FJOURNAL = {Journal of Pure and Applied Algebra},
    VOLUME = {67},
      YEAR = {1990},
    NUMBER = {2},
     PAGES = {111--124},
      ISSN = {0022-4049},
     CODEN = {JPAAA2},
       DOI = {10.1016/0022-4049(90)90009-7},
       URL = {http://dx.doi.org/10.1016/0022-4049(90)90009-7},
}

@article{shulman,
  title={Homotopy limits and colimits and enriched homotopy theory},
  author={Shulman, Michael},
  journal={\arXivPreprint{math/0610194}},
  year={2006}
}

@article{hoffnung2011spans,
  title={Spans in 2-categories: A monoidal tricategory},
  author={Hoffnung, Alexander E},
  journal={\arXivPreprint{1112.0560}},
  year={2011}
}


@article {coherence-tricat,
    AUTHOR = {Gordon, R. and Power, A. J. and Street, Ross},
     TITLE = {Coherence for tricategories},
   JOURNAL = {Mem. Amer. Math. Soc.},
  FJOURNAL = {Memoirs of the American Mathematical Society},
    VOLUME = {117},
      YEAR = {1995},
    NUMBER = {558},
     PAGES = {vi+81},
      ISSN = {0065-9266},
     CODEN = {MAMCAU},
       DOI = {10.1090/memo/0558},
       URL = {http://dx.doi.org/10.1090/memo/0558},
}

@Article{Schreiber2013,
  Title         = {Differential cohomology in a cohesive $\infty$-topos},
  Author        = {U. Schreiber},
  Journal       = {ArXiv:1310.7930},
  Year          = {2013}
}
@article{Leinster-cafe,
  author={Leinster, T.},
  title={{A} {P}erspective on {H}igher {C}ategory {T}heory},
  journal={webpage: \url{https://golem.ph.utexas.edu/category/2010/03/a_perspective_on_higher_catego.html}},
}
@Article{SchwedeGlobal,
  Title         = {Global homotopy theory},
  Author        = {Schwede, S.},
  Editor        = {\href{online version}{http://www.math.uni-bonn.de/~schwede/global.pdf} February 24, 2016}
}

@InCollection{Schwede2010,
  Title         = {Algebraic versus topological triangulated categories},
  Author        = {Schwede, S.},
  Booktitle     = {Triangulated categories},
  Publisher     = {Cambridge Univ. Press, Cambridge},
  Year          = {2010},
  Pages         = {389--407},
  Series        = {London Math. Soc. Lecture Note Ser.},
  Volume        = {375},
  Doi           = {10.1017/CBO9781139107075.010},
  Url           = {\href{http://dx.doi.org/10.1017/CBO9781139107075.010}{\textsc{doi}: CBO9781139107075.010}}
}

@Article{Schwe,
  Title         = {Classification of stable model categories},
  Author        = {Schwede, S. and Shipley, B.},
  Journal       = {\arXivPreprint{0108143}},
  Year          = {2001}
}

@Book{suess1961sneetches,
  Title         = {The {S}neetches and {O}ther {S}tories},
  Author        = {Seuss, Dr.},
  Publisher     = {Random House},
  Year          = {1961}
}

@Article{Shosted2006,
  Title         = {Standard Georgian},
  Author        = {Shosted, Ryan K.; Chikovani, Vakhtang},
  Journal       = {Journal of the International Phonetic Association},
  Year          = {2006},
  Volume        = {36},
  Doi           = {10.1017/s0025100306002659},
  Issne         = {1475-3502},
  Issnp         = {0025-1003},
  Issue         = {2},
  Page          = {255--0},
  Publisher     = {Cambridge University Press},
  Timestamp     = {2016.01.08},
  Url           = {http://gen.lib.rus.ec/scimag/index.php?s=10.1017/s0025100306002659}
}

@Book{book:enum-comb,
  Title         = {Enumerative combinatorics},
  Author        = {Richard P. Stanley},
  Publisher     = {Wadsworth and Brooks / Cole, Chapman and Hall},
  Year          = {2000},
  Edition       = {1st},
  Series        = {Cambridge Studies in Advanced Mathematics},
  Volume        = {Volume 1},
  ISBN          = {0534065465,0521663512,9780534065461,9780521663519,0521553091,9780521553094},
  Url           = {http://gen.lib.rus.ec/book/index.php?md5=67997F3D50B6DD3BE11AEF36D3527A13}
}

@Article{stay2013compact,
  Title         = {Compact closed bicategories},
  Author        = {Stay, Michael},
  Journal       = {\arXivPreprint{1301.1053}},
  Year          = {2013}
}

@Article{street2012monoidal,
  Title         = {Monoidal categories in, and linking, geometry and algebra},
  Author        = {Street, R.},
  Journal       = {Bull. Belg. Math. Soc. Simon Stevin},
  Year          = {2012},
  Number        = {5},
  Pages         = {769--821},
  Volume        = {19},
  Fjournal      = {Bulletin of the Belgian Mathematical Society. Simon Stevin},
  ISSN          = {1370-1444},
  Url           = {http://projecteuclid.org/euclid.bbms/1354031551}
}

@Article{street2004frobenius,
  Title         = {Frobenius monads and pseudomonoids},
  Author        = {Street, R.},
  Journal       = {J. Math. Phys.},
  Year          = {2004},
  Number        = {10},
  Pages         = {3930--3948},
  Volume        = {45},
  Coden         = {JMAPAQ},
  Doi           = {10.1063/1.1788852},
  Fjournal      = {Journal of Mathematical Physics},
  ISSN          = {0022-2488},
  Url           = {\href{http://dx.doi.org/10.1063/1.1788852}{\textsc{doi}: 1.1788852}}
}

@Article{Street19,
  Title         = {Limits indexed by category-valued 2-functors},
  Author        = {Ross Street},
  Journal       = {Journal of Pure and Applied Algebra},
  Year          = {1976},
  Number        = {2},
  Pages         = {149 - 181},
  Volume        = {8},
  Doi           = {http://dx.doi.org/10.1016/0022-4049(76)90013-X},
  ISSN          = {0022-4049},
  Url           = {http://www.sciencedirect.com/science/article/pii/002240497690013X}
}

@Article{street1978yoneda,
  Title         = {Yoneda structures on 2-categories},
  Author        = {Street, R. and Walters, R.},
  Journal       = {J. Algebra},
  Year          = {1978},
  Number        = {2},
  Pages         = {350--379},
  Volume        = {50},
  Fjournal      = {Journal of Algebra},
  ISSN          = {0021-8693},
}

@Book{switzer1975algebraic,
  Title         = {Algebraic topology: homotopy and homology},
  Author        = {Switzer, Robert M},
  Year          = {1975}
}

@Article{tierney1969categorical,
  Title         = {Categorical constructions in stable homotopy theory},
  Author        = {Tierney, M.},
  Year          = {1969}
}

@Article{toen2005homotopical,
  Title         = {Homotopical algebraic geometry I: Topos theory},
  Author        = {To{\"e}n, B. and Vezzosi, G.},
  Journal       = {Advances in mathematics},
  Year          = {2005},
  Number        = {2},
  Pages         = {257--372},
  Volume        = {193},
  Publisher     = {Elsevier}
}

@Misc{trimble-coends,
  Title         = {Co-ends as a trace operation on profunctors},
  Author        = {T. Trimble},
  HowPublished  = {MathOverflow \href{http://mathoverflow.net/q/59897}{comment}}
}

@Misc{Trimbled,
  Title         = {Towards a doctrine of operads. \href{http://ncatlab.org:8080/toddtrimble/published/Towards+a+doctrine+of+operads}{$n$Lab page}},
  Author        = {Trimble, Todd},
}

@Misc{trimblerads,
  Title         = {Towards a doctrine of operads. \href{http://ncatlab.org:8080/toddtrimble/published/Towards+a+doctrine+of+operads}{$n$Lab page}},
  Author        = {Trimble, T.}
}

@Misc{Tringalia,
  Title         = {Plots and Their Applications - Part I: Foundations},
  Author        = {Salvatore Tringali},
  Eprint        = {\arXivPreprint{1311.3524}},
}

@Article{salvo,
  Title         = {Plots and Their Applications - Part I: Foundations},
  Author        = {Tringàli, S.},
  Journal       = {\arXivPreprint{1311.3524}},
}

@Book{Samurai,
  Title         = {Samurai Heraldry},
  Author        = {Turnbull, S. and McBride, A.},
  Editor        = {Windrow, M.},
  Publisher     = {Osprey Publishing},
  Year          = {2002}
}

@Book{hottbook,
  Title         = {Homotopy Type Theory: Univalent Foundations of Mathematics},
  Author        = {The {Univalent Foundations Program}},
  Publisher     = {\url{http://homotopytypetheory.org/book}},
  Year          = {2013},
  Address       = {Institute for Advanced Study}
}

@PhdThesis{VerdierDesDes,
  Title         = {Des cat\'egories d\'eriv\'ees des cat\'egories ab\'eliennes},
  Author        = {Verdier, J.L.},
  School        = {Universit\'e de Paris},
  Year          = {1967},
  Institution   = {Universit\'e de Paris},
  Language      = {french}
}

@Book{Janelidze2004,
  Title         = {Galois theory, {H}opf algebras, and semiabelian categories},
  Author        = {AA. VV.},
  Editor        = {Janelidze, G. and Pareigis, Bodo and Tholen, W.},
  Publisher     = {American Mathematical Society, Providence, RI},
  Year          = {2004},
  Note          = {Papers from the Workshop on Categorical Structures for Descent
 and Galois Theory, Hopf Algebras, and Semiabelian Categories
 held in Toronto, ON, September 23--28, 2002},
  Series        = {Fields Institute Communications},
  Volume        = {43},
  ISBN          = {0-8218-3290-5},
  Pages         = {x+570}
}

@InBook{Weibel1997history,
  Title         = {{History of Homological Algebra}},
  Author        = {C. Weibel},
  Pages         = {797-836},
  Publisher     = {Elsevier},
  Year          = {1999}
}

@Book{Weibel,
  Title         = {An introduction to homological algebra},
  Author        = {Weibel, C.A.},
  Volume        = {38},
  Doi           = {10.1017/CBO9781139644136},
  ISBN          = {0-521-43500-5; 0-521-55987-1},
  Pages         = {xiv+450},
  Timestamp     = {2015.09.29},
  Url           = {\href{http://dx.doi.org/10.1017/CBO9781139644136}{\textsc{doi}: CBO9781139644136}}
}

@Book{Weibel1994,
  Title         = {An introduction to homological algebra},
  Author        = {Weibel, Charles A.},
  Publisher     = {Cambridge University Press, Cambridge},
  Year          = {1994},
  Series        = {Cambridge Studies in Advanced Mathematics},
  Volume        = {38},
  Doi           = {10.1017/CBO9781139644136},
  ISBN          = {0-521-43500-5; 0-521-55987-1},
  Pages         = {xiv+450},
  Url           = {\href{http://dx.doi.org/10.1017/CBO9781139644136}{\textsc{doi}: CBO9781139644136}}
}

@Article{Weidman03091965,
  Title         = {Emotional Perils of Mathematics},
  Author        = {Weidman, D.R.},
  Journal       = {Science},
  Year          = {1965},
  Number        = {3688},
  Pages         = {1048},
  Volume        = {149},
  Doi           = {10.1126/science.149.3688.1048},
  Eprint        = {http://www.sciencemag.org/content/149/3688/1048.1.full.pdf},
  Url           = {http://www.sciencemag.org/content/149/3688/1048.1.short}
}

@Book{Wein,
  Title         = {The topological classification of stratified spaces},
  Author        = {Weinberger, S.},
  Publisher     = {University of Chicago Press, Chicago, IL},
  Year          = {1994},
  Series        = {Chicago Lectures in Mathematics},
  ISBN          = {0-226-88566-6; 0-226-88567-4},
  Pages         = {xiv+283}
}

@Article{Weinstein2011,
  Title         = {A note on the {W}ehrheim-{W}oodward category},
  Author        = {Weinstein, Alan},
  Journal       = {J. Geom. Mech.},
  Year          = {2011},
  Number        = {4},
  Pages         = {507--515},
  Volume        = {3},
  Doi           = {10.3934/jgm.2011.3.507},
  Fjournal      = {Journal of Geometric Mechanics},
  ISSN          = {1941-4889},
  Url           = {\href{http://dx.doi.org/10.3934/jgm.2011.3.507}{\textsc{doi}: jgm.2011.3.507}}
}

@Misc{Weinstein2010,
  Title         = {A note on the Wehrheim-Woodward category},
  Author        = {Alan Weinstein},
  Year          = {2010},
  Eprint        = {\arXivPreprint{1012.0105}},
}

@Article{whitehead61elements,
  Title         = {Elements of Homotopy Theory},
  Author        = {Whitehead, G.W.},
  Journal       = {Graduate Texts in Mathematics},
  Year          = {1978},
  Volume        = {61},
}

@Misc{Wof,
  Title         = {Homotopy factorization of morphisms of chain complexes},
  Author        = {E. Wofsey},
  HowPublished  = {MathOverflow \href{http://mathoverflow.net/q/168868}{comment}}
}

@Article{yoneda,
  Title         = {On {E}xt and exact sequences},
  Author        = {Yoneda, Nobuo},
  Journal       = {J. Fac. Sci. Univ. Tokyo Sect. I},
  Year          = {1960},
  Pages         = {507--576 (1960)},
  Volume        = {8},
  Fjournal      = {Journal of the Faculty of Science. University of Tokyo.
 Section IA. Mathematics},
  ISSN          = {0040-8980},
}

@Article{zangurashvili2004several,
  Title         = {Several constructions for factorization systems},
  Author        = {Zangurashvili, D.},
  Journal       = {Theory Appl. Categ.},
  Year          = {2004},
  Pages         = {326--354},
  Volume        = {12},
  Fjournal      = {Theory and Applications of Categories},
  ISSN          = {1201-561X},
}

@Book{tilting,
  Title         = {Handbook of {T}ilting {T}heory},
  Editor        = {Angeleri-{H}\"ugel, L. and Happel, D. and Krause, H. },
  Publisher     = {Cambridge University press},
  Year          = {2007},
  Series        = {London Mathematical society},
  Volume        = {332}
}

@Book{BHS,
  Title         = {{B}iblia {H}ebraica {S}tuttgartensia},
  Editor        = {Elliger, K. and Rudolph, W.},
  Publisher     = {Deutsche Bibelgesellschaft, Stuttgart},
  Year          = {1977},
  Edition       = {Editio quinta emendata}
}

@Book{book:topohist,
  Title         = {History of Topology},
  Editor        = {Ioan Mackenzie James},
  Publisher     = {Elsevier},
  Year          = {1999},
  Address       = {Amsterdam},
  Edition       = {first},
  Booktitle     = {History of Topology},
  ISBN          = {0-444-82375-1}
}

@Proceedings{Janelidze2004b,
  Title         = {{Galois theory, Hopf algebras, and semiabelian categories.}},
  Year          = {2004},
  Editor        = {George {Janelidze} and Bodo {Pareigis} and Walter {Tholen}},
  HowPublished  = {{Fields Institute Communications 43. (ISBN 0-8218-3290-5/hbk). x, 570~p. \$~119.00 (2004).}},
  ISBN          = {0-8218-3290-5/hbk},
  Language      = {English},
  Msc2010       = {18-06 08-06 12-06 16-06 17-06 00B25},
  Pages         = {x + 570},
  Timestamp     = {2015.09.29},
  Zbl           = {1051.18002}
}

@InCollection{Joyal1986foncteurs,
  Title         = {Foncteurs analytiques et especes de structures},
  Booktitle     = {Combinatoire {\'e}num{\'e}rative},
  Year          = {1986},
  Pages         = {126--159},
}